2716 3277
351 204 441 254 que
473 191 800 260 sententiarum
831 187 999 235 ordine·
1016 186 1535 233 Pseudo-Plutarcheam
1560 189 1697 244 vitam
1722 186 1958 233 Aeschinis
1982 188 2189 252 sequitur
2210 188 2258 248 (⁴
2265 202 2302 248 1,

349 271 397 313 in
430 267 535 313 cod.
554 270 611 312 61
640 267 781 311 alium
812 269 964 318 nescio
999 282 1136 329 quem
1167 276 1497 310 antecessorem
1524 265 1685 310 habet:
1721 266 2013 328 Apollonius,
2050 268 2176 311 cuius
2201 282 2303 311 nar·

347 349 463 392 ratio
494 345 732 391 Aeschinis
766 347 1024 391 orationum
1057 360 1217 406 agmen
1249 342 1398 399 ducit,
1441 343 1557 388 nihil
1595 344 1691 389 fere
1725 344 1859 390 affert
1889 355 2070 406 praeter
2102 361 2153 390 ea
2186 361 2302 407 quae

346 426 395 470 in
428 424 708 469 orationibus
741 432 787 468 et
812 421 1136 469 Demosthenis
1169 431 1216 467 et
1240 420 1477 467 Aeschinis
1508 420 1692 484 legerat.
1747 420 1844 467 Nec
1869 425 2008 485 magis
2031 421 2301 486 Anonymus

345 501 426 547 ille
457 500 733 548 Philostrato
772 509 818 546 et
849 497 1317 547 Pseudo-Plutarcho
1354 498 1483 546 lectis
1521 501 1631 547 novi
1665 497 1914 562 quidquam
1952 498 2117 546 tradet.
2170 498 2300 558 Quae

347 578 509 626 Suidas
548 578 728 623 duobus
765 578 879 624 locis
920 576 1047 624 dedit
1083 580 1211 642 parvi
1248 580 1470 623 momenti
1505 588 1632 634 sunt,
1675 576 1881 623 Eudocia
1919 578 2065 624 nihili.
2118 578 2301 624 Libanii

349 668 396 704 et
427 658 808 719 vituperationem
842 655 1080 702 Aeschinis
1120 666 1165 701 et
1205 658 1592 718 comparationem
1624 655 1947 701 Demosthenis
1989 665 2034 700 et
2064 656 2306 716 Aeschinis

346 749 442 782 non
474 738 570 781 sine
602 733 784 781 fastidio
818 733 1019 797 quodam
1048 733 1461 797 legerevalebam3
1500 734 1644 780 affero
1676 752 1720 780 v.
1742 750 1783 780 c.
1821 750 1876 780 ex
1905 735 2101 796 vituper.
2128 736 2293 782 Aesch.

344 812 479 860 haec:
522 808 635 858 ἀλλὰ
669 808 752 879 γὰρ
792 811 910 858 τοῦτο
950 805 1063 868 μόνον
1104 810 1242 860 καλῶς
1275 807 1455 865 ἐποίησεν
1494 810 1799 872 (Aeschines),
1843 803 1885 859 ὃς
1919 806 1987 856 τὸν
2026 812 2299 873 Κτησιφῶντα

343 884 659 960 γραψάμενος*
636 902 785 952 εφυγεν
803 885 1051 945 Ἀθήνηθεν.
1081 900 1127 938 et
1150 892 1329 937 initium
1355 900 1602 956 comparat.
1621 890 1759 938 Dem.
1782 899 1828 937 et
1842 889 2030 937 Aesch.·
2061 886 2169 936 Οὔτε
2193 887 2295 937 κάλ-

342 978 424 1015 λιον
458 967 561 1016 οὐδὲν
585 966 788 1029 Ἀθήνησι
818 986 961 1025 ’γεγονε
991 966 1302 1024 Δημοσθένους”
1345 965 1485 1015 κάκιόν
1517 987 1563 1014 τε
1596 967 1698 1014 ciffi-v
1728 967 1935 1026 Αἰσχίνου.
1973 997 2023 1006 -
2063 980 2110 1015 et
2139 970 2297 1033 paullo

341 1050 552 1094 inferius·
595 1065 679 1102 ειγε
718 1042 911 1095 δοῦλος*
887 1066 930 1101 ην
962 1049 983 1092 ὃ
1015 1045 1147 1114 πατὴρ
1183 1045 1335 1106 ἐκείνῳ,
1376 1046 1444 1093 καὶ
1480 1049 1522 1093 οὐ
1555 1043 1693 1095 δοῦλος
1722 1043 1858 1103 μόνον,
1896 1044 2007 1092 ἀλλὰ
2038 1046 2108 1093 καὶ
2135 1045 2298 1115 πονηρὸς

343 1123 510 1179 οἰκέτης·
554 1127 596 1171 οὐ
625 1123 707 1192 γὰρ
740 1145 786 1170 αν
818 1128 856 1171 ἐν
889 1121 1080 1173 πέδαις’
1055 1144 1120 1179 ην,
1159 1128 1196 1170 εἴ
1224 1143 1278 1181 μη
1312 1121 1513 1173 πολλάκις
1544 1123 1710 1178 εἴληπτο
1744 1142 1994 1192 κακουργων.
2043 1126 2124 1173 πᾶς
2157 1144 2221 1171 ουν
2254 1120 2298 1171 εἶ

342 1204 494 1271 φρονῶν
524 1199 688 1263 ἐπῄνεσε
720 1200 870 1271 μητέρα
900 1200 1214 1260 Δημοσθένους,
1256 1200 1325 1257 τὴν
1359 1200 1400 1248 δὲ
1430 1201 1626 1261 Αἰσχίνου
1658 1200 1890 1249 Λευκοθέαν
1922 1198 2082 1262 ἐπῄνουν
2115 1207 2151 1248 οἱ
2178 1199 2294 1271 χρώ·

340 1293 448 1337 μενοι
479 1277 598 1337 μόνοι.
648 1282 832 1328 Scilicet
863 1282 1082 1327 Libanius
1115 1298 1184 1339 ea,
1222 1297 1340 1345 quae
1371 1281 1706 1328 Demosthenes
1738 1281 1796 1327 de
1821 1297 1917 1327 cor.
1943 1284 2098 1344 p.270
2130 1298 2293 1344 paren-

339 1361 462 1405 tibus
502 1360 738 1405 Aeschinis
782 1358 1055 1405 maledicens
1096 1361 1308 1405 mentitus
1350 1369 1440 1416 est,
1487 1359 1708 1405 vividiore
1749 1361 1901 1404 animo
1943 1360 2030 1404 sibi
2072 1358 2290 1422 depinxit.

339 1437 438 1482 Nec
470 1440 616 1483 minus
650 1440 839 1483 excessit
869 1436 1055 1482 modum
1086 1436 1303 1482 Nicolaus
1335 1440 1382 1482 in
1405 1436 1812 1500 Progymnasmatis
1846 1435 1968 1497 (vide
1993 1439 2042 1482 in
2066 1437 2184 1482 rhet.
2206 1436 2290 1482 Gr.

340 1514 413 1563 ed.
442 1515 610 1563 Christ.
631 1515 777 1563 VValz.
806 1515 912 1562 Vol.
932 1515 971 1562 I.
1003 1516 1158 1579 p.360
1177 1519 1271 1579 sq.)
1296 1515 1385 1576 (⁵).
1436 1515 1756 1579 Reliquorum,
1792 1517 1872 1578 qui
1903 1531 2000 1562 non
2026 1513 2128 1563 data
2154 1531 2293 1579 opera

341 1594 418 1641 sed
453 1595 642 1641 fortuito
675 1594 946 1641 Aeschinem
980 1596 1237 1658 attigerunt,
1274 1610 1356 1640 suo
1391 1609 1621 1658 quemque
1652 1594 1758 1640 loco
1792 1595 2074 1640 memorabo.

364 1665 368 1669 ’
512 1672 836 1719 Recentiorum
862 1675 1135 1735 scriptorum
1155 1675 1558 1718 commentationes
1585 1673 1674 1734 legi
1687 1672 1881 1718 Abbatis
1898 1672 2039 1735 Vatry
2064 1676 2111 1718 in
2137 1674 2288 1718 annal.

338 1735 481 1797 Acad.
507 1751 716 1814 Inscript.
743 1749 851 1796 Vol.
869 1749 994 1797 XIV.
1025 1749 1210 1796 litterat.
1236 1751 1358 1813 p.84
1383 1767 1486 1813 sqq.
1524 1748 1830 1810 (Recherches
1863 1767 1939 1796 sur
1969 1750 2013 1796 la
2045 1753 2115 1797 vie
2148 1761 2194 1796 et
2226 1751 2291 1796 les

339 1843 528 1875 oeuvres
561 1828 824 1888 d'Eschine)
866 1837 912 1873 et
947 1827 1173 1873 Francisci
1204 1826 1404 1872 Passovii
1444 1830 1492 1872 in
1524 1826 1916 1891 Encyclopaediae
1948 1828 2154 1873 Halensis
2193 1829 2285 1873 vol.

337 1905 497 1952 altero.
551 1904 646 1963 Qui
682 1907 766 1951 etsi
798 1907 845 1951 in
878 1904 1163 1951 familiarium
1197 1904 1491 1968 epistolarum
1526 1921 1636 1969 quas
1667 1904 1899 1952 Wachleri
1930 1904 2169 1951 ediderunt
2200 1923 2289 1951 una

339 1985 488 2047 aliqua
520 1986 617 2047 ipse
650 1984 880 2047 professus
914 1993 996 2040 est,
1040 1998 1088 2029 se
1126 1982 1343 2029 defuncto
1377 1982 1549 2028 dudum
1581 1983 1756 2028 homini
1787 1983 1940 2029 Attico
1971 1983 2109 2028 talem
2140 1983 2287 2029 hono·

336 2079 433 2107 rem
464 2064 690 2118 tribuisse,
729 2061 853 2123 quali
885 2063 922 2106 si
952 2063 1122 2107 viveret
1151 2064 1248 2124 ipse
1280 2060 1516 2123 gauderet:
1552 2077 1637 2106 nos
1670 2060 1854 2123 quidem
1885 2076 1981 2105 rem
2012 2064 2153 2123 ipsam
2185 2078 2285 2124 spe-

337 2138 508 2186 ctantes
541 2138 746 2186 nondum
777 2141 880 2185 satis
912 2138 1189 2185 consuluisse
1222 2141 1414 2185 oratoris
1445 2139 1590 2185 famae
1620 2141 1784 2202 negare
1809 2154 1904 2184 non
1929 2154 2185 2201 possumus.
2232 2139 2285 2184 Id

339 2216 464 2280 quod
501 2233 555 2263 ex
587 2219 683 2281 ipsa
717 2233 853 2280 quam
885 2218 972 2262 iam
1005 2215 1287 2280 aggredimur
1320 2219 1585 2280 quaestione
1616 2215 1904 2280 proditurum
1934 2232 2181 2279 speramus.

387 2372 446 2419 (⁴)
484 2373 526 2408 Id
554 2373 651 2421 quod
678 2373 773 2409 idem
799 2373 885 2408 fecit
911 2373 948 2408 in
974 2373 1047 2409 vita
1073 2373 1268 2421 Hyperidis
1296 2373 1377 2410 cod.
1392 2373 1481 2418 266,
1508 2374 1544 2409 in
1570 2373 1641 2408 vita
1666 2372 1825 2422 Lycurgi
1853 2372 1934 2408 cod.
1949 2371 2037 2417 268,
2065 2373 2101 2406 in
2121 2373 2192 2408 vita
2209 2373 2283 2421 Ly-

337 2433 408 2471 siae
436 2433 517 2471 cod.
537 2433 626 2480 262,
652 2433 740 2471 aliis.

387 2505 447 2554 (⁶)
486 2505 619 2556 Incipst
651 2505 704 2543 his
737 2506 872 2544 verbis:
912 2501 1139 2550 Δημοσθένης
1164 2504 1260 2542 εἴκων
1287 2504 1428 2559 ἀρετῆς,
1462 2521 1570 2559 ωςπερ
1594 2502 1715 2555 Ata-xl
1712 2521 1771 2550 ννς
1794 2502 1921 2545 κακίας
1946 2501 2096 2559 παραδει
2086 2520 2194 2554 styma
2226 2522 2285 2543 και

334 2583 394 2611 την
419 2566 544 2603 κακίαν
570 2584 617 2603 κα
619 2564 843 2619 τηγορουμένη
848 2572 1022 2611 νμαλλον
1048 2584 1084 2604 ευ
1067 2567 1127 2620 ὖγξ
1120 2565 1245 2611 ἶσομεν,
1270 2563 1341 2615 ὅσῳ
1365 2566 1449 2620 vecie
1465 2564 1691 2612 Δημοσθένην
1711 2564 1841 2612 ταύτην
1858 2564 2135 2619 ἆντεξετᾶσομεν
2144 2582 2153 2591 ·
2178 2566 2285 2604 κακία

335 2623 394 2699 μὲν
420 2645 490 2682 γαρ
516 2626 605 2679 ἀξία
629 2645 813 2682 κατηγορει
800 2629 908 2667 Tau—Sa
935 2637 1004 2668 cet.
1031 2650 1080 2658 —
1114 2623 1192 2666 ουτ’
1220 2644 1279 2667 ουν
1304 2627 1479 2678 Αἰσχίνης
1509 2624 1698 2682 vepna-0125·
1729 2627 1895 2683 πονηροῦς
1920 2625 2117 2678 φανησετοιι
2151 2626 2272 2667 ndum

337 2706 416 2728 ουτε
441 2695 527 2735 Ama..
554 2691 587 2727 ἐν
613 2706 683 2731 τοις
707 2686 863 2743 ῥήτορσιν
888 2685 1023 2735 ἄμεινον
1050 2698 1119 2730 etc.
1144 2699 1213 2730 etc.

1843 2906 1933 2951 ΑΞ
