2716 3277
308 603 518 708 Cicero
544 658 602 703 de
629 668 726 720 opt.
749 672 850 720 gen.
873 667 988 702 orat.
1008 659 1161 702 initio:
1195 655 1449 718 „Optimus
1464 660 1541 701 'est
1564 665 1735 711 orator,
1761 657 1924 718 inquit,
1954 659 2033 719 qui
2055 656 2250 703 dicendo

307 740 480 783 animos
512 736 790 782 audientium
822 747 869 781 et
900 734 1037 781 docet
1069 744 1115 780 et
1142 732 1337 779 delectat
1360 744 1406 779 et
1429 744 1682 797 permovet.
1726 732 1909 779 Docere
1935 733 2139 780 debitum
2164 747 2247 791 est,

305 813 530 861 delectare
563 813 873 869 honorarium,
908 827 1175 875 permovere
1200 810 1550 857 necessarium”.
1600 810 1740 868 Quod
1766 814 1803 856 si
1826 813 1963 874 igitur
1985 829 2252 874 permovere

305 893 605 939 necessarium
638 900 726 948 est,
772 892 943 937 oratori
974 889 1153 947 licebit,
1194 890 1334 935 immo
1366 890 1519 952 potius
1551 904 1667 952 opus
1699 891 1785 936 erit
1816 905 2003 953 operam
2036 889 2166 947 dare,
2201 901 2252 937 ut

304 972 503 1016 inveniat
547 979 592 1014 et
636 970 841 1031 exquirat
883 982 1180 1031 quaecunque
1222 965 1279 1012 ad
1318 965 1651 1030 permovendos
1691 982 1785 1030 quo
1824 967 1935 1014 velit
1973 967 2252 1015 audientium

305 1051 479 1093 animos
515 1046 732 1109 prodesse
770 1048 960 1109 possint.
1018 1047 1195 1108 Itaque,
1238 1047 1454 1107 quoniam
1485 1061 1556 1090 res
1587 1044 1809 1090 humanae
1848 1049 1897 1090 in'
1933 1049 2063 1109 peius
2093 1057 2246 1103 ruunt,

303 1141 363 1172 ne
395 1110 625 1181 miremur,
670 1135 870 1171 oratores
907 1125 1171 1187 praesertim
1207 1123 1297 1169 illis
1331 1124 1631 1186 temporibus,
1675 1124 1841 1186 quibus
1873 1126 2072 1171 civitates
2105 1124 2248 1170 Grae·

304 1207 398 1250 ciae
431 1203 486 1249 ad
519 1219 656 1249 unam
689 1219 846 1250 omnes
878 1204 1169 1265 perversitate
1202 1218 1381 1247 morum
1413 1212 1458 1248 et
1481 1218 1633 1247 rerum
1658 1202 1878 1264 reliquam
1904 1202 2123 1249 libertatis
2149 1221 2246 1248 um-

301 1269 431 1327 bram
457 1279 743 1328 dimittebant
766 1278 1163 1343 Macedonumque
1195 1280 1450 1328 auctoritati
1483 1279 1707 1327 obnoxiae
1740 1295 1836 1326 esse
1868 1282 2145 1344 inceperant,
2177 1291 2249 1327 tot

303 1359 499 1405 artificiis
539 1375 590 1404 ac
628 1359 815 1405 fallaciis
848 1360 1068 1422 consequi
1099 1356 1343 1414 studuisse,
1389 1356 1515 1421 quod
1547 1360 1805 1404 inconstans
1836 1357 2248 1423 blanditiarumque

304 1448 522 1501 appetens
555 1454 690 1501 quem
723 1437 949 1484 ducebant
968 1436 1178 1501 populus
1210 1446 1260 1481 ut
1290 1437 1474 1492 faceret,
1520 1438 1612 1482 sive
1642 1439 1846 1499 ipsorum
1878 1437 2124 1483 commodo
2157 1440 2249 1483 sive

300 1517 472 1579 patriae
497 1515 639 1562 salute
664 1517 834 1562 incensi
858 1514 1096 1561 volebant:
1133 1524 1289 1560 contra
1315 1513 1388 1560 vel
1413 1516 1594 1559 maximi
1620 1517 1812 1560 oratoris
1839 1525 1921 1570 est,
1953 1518 2105 1560 omnia
2132 1532 2247 1578 quae

301 1593 494 1639 consilio
527 1593 609 1638 suo
642 1595 806 1639 servire
836 1595 1013 1656 possint
1044 1602 1319 1654 argumenta,
1354 1601 1490 1654 atque
1522 1590 1643 1636 haud
1672 1608 1776 1637 raro
1802 1591 2106 1649 callidissime,
2142 1610 2247 1639 suae

298 1672 465 1716 rationi
493 1669 782 1732 adstringere.
834 1669 981 1732 quue
1014 1672 1163 1732 ipsum
1195 1679 1262 1715 est
1294 1685 1374 1714 cur
1405 1668 1654 1716 cavendum
1686 1672 1759 1725 sit,
1795 1685 1853 1715 ne
1884 1681 2116 1716 oratorum
2144 1687 2243 1717 ver·

299 1749 370 1793 bis
409 1758 454 1793 et
493 1749 763 1811 argumentis
801 1757 971 1793 temere
1009 1745 1147 1792 fidem
1179 1745 1440 1792 habeamus.
1494 1744 1782 1810 Quamquam
1814 1757 1919 1793 sunt
1951 1746 2137 1811 quidem
2167 1747 2244 1793 ad-

298 1825 390 1871 huc
423 1828 502 1889 qui
531 1826 669 1872 verba
692 1825 1015 1871 Demosthenis
1046 1835 1098 1870 ut
1131 1827 1374 1881 iustissimi,
1411 1824 1730 1881 honestissimi,
1768 1826 1824 1870 ab
1852 1828 1977 1871 omni
2001 1825 2245 1889 cupiditate

297 1906 601 1959 remotissimi,
637 1905 906 1949 veracissimi
939 1905 1182 1967 accipiant3
1219 1918 1335 1966 quae
1362 1918 1471 1948 vero
1503 1904 1559 1947 ab
1592 1903 1689 1948 aliis
1721 1904 1813 1967 sive
1841 1902 1897 1949 de
1923 1905 2127 1950 moribus
2153 1908 2244 1951 sive

299 1982 357 2027 de
388 1972 569 2028 ratione
598 1983 821 2027 civitatem
851 1980 1038 2045 regendi
1067 1991 1223 2026 contra
1247 1970 1605 2026 Demosthenem
1638 1980 1755 2026 dicta
1787 1992 1832 2027 et
1863 1980 2088 2046 dispmata
2119 1994 2238 2040 sunt,

297 2060 412 2106 haec
443 2071 495 2106 ut
526 2060 759 2106 falsissima
794 2076 848 2105 ex
886 2060 1161 2105 nefariorum
1194 2058 1550 2105 adversariorum
1589 2058 1751 2105 invidia
1786 2070 1920 2122 atque
1952 2063 2241 2123 improbitate

297 2140 346 2182 in
375 2153 480 2200 eum
513 2136 706 2184 conflata
736 2139 945 2200 protinus
974 2135 1174 2183 iudicent
1199 2137 1288 2197 (¹).
1343 2135 1450 2194 Quo
1483 2136 1650 2182 factum
1683 2147 1749 2182 est
1780 2146 1830 2182 ut
1860 2135 2028 2183 iudicio
2052 2138 2240 2184 Aeschi-

297 2217 367 2261 nis
407 2215 636 2270 offecerit‚
680 2213 981 2261 adversarium
1021 2231 1124 2260 eum
1161 2216 1357 2260 maximo
1399 2217 1568 2260 oratori
1603 2215 1762 2271 fuisse;
1806 2217 1865 2259 ita
1906 2225 1956 2260 ut
1992 2215 2241 2262 Aeschines

297 2294 480 2338 nonnisi
525 2294 812 2356 pravissimus
858 2291 999 2337 homo
1050 2302 1185 2354 atque
1233 2294 1519 2355 impiissimus
1564 2294 1732 2354 patriae
1780 2290 1991 2354 proditor
2031 2309 2055 2337 a
2096 2293 2239 2356 pluri-

297 2371 383 2414 mis
423 2371 700 2429 existimetur
736 2369 824 2429 (2).
875 2368 984 2414 Non
1025 2368 1209 2433 quidem
1249 2372 1285 2415 is
1326 2386 1425 2415 sum
1457 2371 1537 2433 qui
1571 2368 1863 2427 contendam,
1912 2380 2141 2416 oratorem
2174 2375 2239 2418 vi-

296 2464 397 2492 rum
445 2449 619 2492 bonum
668 2462 764 2492 esse
805 2457 1044 2510 oportere,
1098 2464 1182 2492 nec
1228 2448 1429 2493 futurum
1479 2457 1703 2493 oratorem
1750 2449 1836 2492 nisi
1877 2449 2025 2493 virum
2065 2450 2240 2495 bonum

347 2590 409 2640 (¹)
447 2590 492 2628 A.
512 2591 560 2629 G.
584 2592 722 2630 Becker
754 2591 791 2629 in
823 2592 967 2630 litterat.
992 2591 1181 2630 Demosth.
1209 2591 1323 2630 ubivis
1348 2591 1628 2630 Demosthenem
1653 2598 1830 2642 tamquam
1857 2591 2006 2630 heroem
2033 2606 2240 2644 proponere

296 2654 401 2690 nimis
426 2653 554 2690 studet.

347 2723 408 2773 (²)
447 2724 624 2777 Augei-ius
651 2726 689 2763 in
714 2739 805 2763 vers.
830 2726 1017 2764 Demosth.
1044 2726 1260 2764 Aeschinem
1285 2726 1372 2763 dicit
1398 2726 1431 2763 la
1456 2733 1618 2764 creature
1645 2726 1690 2763 de
1716 2725 1883 2776 Philippe
1911 2726 2019 2763 Τ.Π.
2038 2741 2074 2777 p.
2085 2728 2145 2765 94.
2172 2729 2237 2765 cfr.

296 2787 452 2824 Weiske
486 2787 530 2824 de
566 2787 764 2837 hyperbole
799 2800 963 2826 errorum
996 2788 1034 2825 in
1066 2787 1214 2826 historia
1244 2787 1402 2838 Philippi
1437 2788 1705 2826 commissorum
1738 2788 1934 2838 genitrice,
1966 2789 2102 2827 Misnae
2127 2790 2237 2828 1819.

296 2846 336 2882 P.
351 2847 380 2883 Ι.
399 2861 434 2885 n.
442 2847 503 2885 74.

1852 2916 1895 2960 A
