2716 3277
379 210 479 259 fere
509 209 636 254 annis
666 217 774 271 post
804 207 854 254 in
883 220 1036 271 pugna
1068 204 1125 254 ad
1151 206 1432 255 Mantineam
1460 207 1629 256 fortem
1660 226 1710 268 se
1740 214 1876 275 gessit
1902 212 1982 260 Ol.
2008 216 2112 261 104.
2134 217 2164 262 2
2183 200 2337 278 (3232.)

380 287 595 332 vicesimo
623 295 762 331 sexto
801 288 958 359 aetatis
995 301 1117 332 anno
1156 296 1399 334 transacto.
1459 287 1516 333 In
1545 288 1738 335 Euboea
1776 289 1941 338 deinde
1975 291 2340 357 expeditionibus

379 362 583 410 interfuit
608 364 721 424 (³⁸);
759 379 952 427 quarum
983 380 1089 421 cum
1123 363 1233 411 duas
1267 374 1371 410 ante
1397 364 1714 413 Timarcheam
1747 370 2002 414 orationem
2033 371 2172 417 factas
2196 387 2337 419 nove·

378 443 537 500 rimus,
556 443 740 506 utrique
756 440 1030 490 Aeschinem
1046 441 1301 490 interfuisse
1318 452 1513 490 statuere
1528 442 1654 502 licet,
1677 444 1807 492 alteri
1825 444 1904 494 Ol.
1924 448 2029 494 105.
2043 450 2072 494 3
2091 451 2225 510 (358)
2238 452 2340 510 (³⁹),

381 536 476 583 quo
498 521 706 584 tempore
724 518 968 586 Philippus
986 520 1289 588 Amphipolin
1311 520 1439 568 bello
1462 524 1627 586 pressit
1648 523 1755 584 (⁴⁰),
1790 523 2037 591 Aeschines
2061 527 2339 574 tricesimum

380 601 536 643 aetatis
573 614 745 643 annum
762 654 765 655 ⁷
782 608 1056 655 excesserat3
1101 597 1232 643 alteri
1267 596 1504 644 Phocione
1545 598 1662 646 duce
1702 600 1846 646 factae
1879 599 1958 647 Ol.
1988 603 2089 650 107.
2117 618 2158 649 a.
2186 606 2336 667 primo

380 676 515 735 (351)
540 676 646 735 (4¹).
698 677 753 721 In
787 691 876 738 qua
908 691 1012 721 cum
1043 678 1264 721 exercitus
1294 675 1639 722 Atheniensium
1670 679 1831 740 iniquo
1864 678 1971 724 loco
2003 680 2201 726 inclusus
2227 679 2337 727 Plu·

379 752 525 799 tarchi
549 753 754 799 Eretriae
779 754 958 816 tyranni
982 751 1246 815 proditione
1272 752 1332 798 ad
1352 753 1578 818 Tamynas
1605 756 1653 799 in
1679 770 1904 800 summum
1928 756 2181 818 periculum
2208 757 2337 804 datus

382 841 522 878 esset:
563 832 783 878 universis
813 829 1162 877 Atheniensium
1191 830 1411 878 militibus
1443 831 1687 878 fortissime
1715 833 2045 895 pugnantibus,
2087 832 2336 882 Aeschines

381 911 501 955 inter
531 908 732 955 delectos
762 910 929 956 virtute
961 906 1079 955 adeo
1113 909 1342 967 excelluit,
1383 919 1436 956 ut
1472 926 1567 957 non
1606 909 1755 957 solum
1787 911 1913 957 illico
1947 928 1972 958 a
2005 910 2213 969 ducibus,
2257 913 2337 960 sed

380 997 625 1050 postquam
656 989 868 1032 nuntium
900 989 1116 1032 victoriae
1147 986 1351 1032 Athenas
1383 987 1548 1044 attulit,
1586 998 1632 1033 et
1662 987 1935 1035 Temenides
1965 989 2109 1035 tribus
2137 989 2335 1037 Pandio-

381 1064 499 1110 nidis
530 1067 755 1121 centurio,
793 1066 872 1126 qui
902 1080 1005 1109 cum
1039 1079 1096 1109 eo
1127 1067 1285 1109 missus
1319 1074 1430 1121 erat,
1472 1067 1792 1128 praestantiam
1826 1068 1922 1111 eius
1954 1065 2208 1124 affirmavit,
2251 1070 2335 1114 ite-

379 1159 481 1188 rum
514 1159 538 1188 a
570 1142 750 1205 populo
783 1157 952 1187 corona
984 1141 1289 1188 honoraretur
1320 1141 1426 1202 (⁴2).
1486 1142 1590 1188 Hoc
1627 1142 1861 1205 praeclaro
1895 1143 2096 1189 facinore
2130 1143 2337 1191 militiam

381 1236 507 1266 suam
536 1218 734 1267 finivisse
764 1218 959 1266 videtur.
1011 1219 1123 1265 Erat
1153 1230 1262 1266 tunc
1293 1222 1474 1282 triginta
1507 1230 1680 1283 septem
1712 1236 1855 1266 annos
1887 1230 2034 1266 natus.

1302 1362 1351 1422 g.
1373 1363 1418 1406 6.

558 1454 790 1517 Tempore
818 1455 1075 1517 insequenti
1108 1452 1290 1500 demum
1322 1470 1510 1500 uxorem
1543 1454 1721 1501 duxisse
1753 1442 1947 1511 videtur,
1984 1458 2021 1500 si
2053 1454 2237 1518 quidem
2270 1458 2348 1501 at?

381 1532 568 1580 tendere
598 1532 706 1579 licet
733 1530 779 1577 id
813 1530 940 1595 quod
966 1530 1210 1578 Aeschines
1241 1531 1380 1579 falsae
1411 1531 1647 1595 legationis
1679 1549 1782 1579 reus
1815 1549 1888 1578 an.
1909 1533 2001 1579 343
2034 1532 2204 1579 liberos
2231 1549 2336 1579 suos

380 1622 471 1658 tres
509 1609 619 1656 dicit
654 1607 771 1654 ταυτὶ
806 1606 875 1664 μὲν
907 1605 962 1655 τοὶ
991 1606 1115 1676 μικρὰ
1149 1605 1309 1660 παιᾶα,
1352 1606 1421 1655 καὶ
1452 1606 1546 1657 τοὺς
1576 1604 1773 1657 κινδύνους
1807 1605 1916 1656 οὔπω
1949 1606 2150 1661 συνιέντα,
2190 1607 2338 1656 ἐλεεινὰ

381 1813 480 1864 quod
512 1812 753 1850 Schneiderus
787 1819 914 1860 quarto
947 1811 1024 1849 fere
1056 1818 1138 1849 ante
1171 1812 1453 1849 Mantineensem
1486 1825 1640 1862 pugnam
1674 1825 1768 1850 anno
1796 1813 1928 1861 posuit,
1958 1813 2090 1850 rectius
2116 1812 2265 1850 sortasse
2291 1814 2336 1849 ad

380 1875 521 1925 Ephori
546 1874 753 1912 vicesimum
780 1880 943 1922 quartum
969 1872 1100 1909 librum
1127 1872 1264 1910 referre
1290 1872 1357 1910 tibi
1385 1873 1541 1910 videare.
1582 1873 1904 1911 Verumenimvero
1931 1873 2050 1923 potuit
2070 1873 2237 1924 Ephorus
2263 1874 2337 1921 illa,

381 1950 471 1987 quae
498 1944 574 1974 acta
600 1943 681 1972 sunt
706 1943 785 1972 ante
812 1935 1094 1972 Mantineensem
1121 1947 1275 1986 pugnam
1301 1934 1345 1972 ab
1373 1943 1533 1973 extremo
1560 1934 1637 1972 fere
1664 1935 1836 1972 vicesimo
1862 1936 1974 1973 tertio
2007 1935 2101 1973 libro
2129 1948 2195 1985 per
2220 1942 2338 1973 totum

381 2007 602 2049 sequentem,
635 1997 785 2034 sortasse
819 1997 927 2034 etiam
958 1996 1004 2033 ad
1036 1997 1176 2033 initium
1209 1996 1293 2033 libri
1327 1997 1442 2045 quinti
1476 1996 1674 2033 deducere:
1708 2004 1868 2045 quartam
1895 1997 1978 2034 dico
2004 1996 2272 2046 Epaminondae
2299 1997 2337 2033 in

380 2061 673 2110 Peloponnesum
697 2058 930 2104 invasionem,
957 2064 995 2094 et
1020 2065 1101 2095 ante
1128 2057 1231 2103 hanc,
1257 2070 1347 2106 quae
1374 2056 1511 2095 duobus
1536 2056 1716 2094 Arcadum
1743 2065 1780 2094 et
1796 2058 1969 2095 Eleorum
1996 2058 2083 2095 belli
2108 2059 2207 2095 annis
2225 2070 2337 2106 pauca

381 2120 667 2159 continebantur.
705 2119 861 2156 Ratione
888 2118 1011 2156 harum
1037 2118 1197 2156 omnium
1222 2130 1343 2156 rerum
1369 2117 1486 2155 hahita
1512 2118 1556 2155 ad
1584 2119 1698 2168 ipsum
1726 2118 1815 2155 illud
1840 2125 1980 2169 tempus
2006 2118 2066 2156 01.
2082 2119 2168 2156 103.
2184 2119 2220 2156 2.
2248 2131 2334 2168 per-

381 2184 506 2221 venire
532 2182 619 2218 mihi
645 2181 785 2218 videor.

432 2253 502 2304 ρι’)
542 2253 672 2292 Aesch.
700 2254 723 2291 l.
740 2267 771 2291 c.
797 2249 858 2290 καὶ
882 2251 949 2292 τοὶς
975 2253 1024 2293 εἰς
1048 2247 1210 2294 Εὔβοιαν
1236 2249 1420 2305 στρατείας
1446 2249 1739 2305 ἐστρατευσάμην.

432 2328 502 2377 (³⁹)
541 2327 653 2364 Diod.
681 2326 823 2363 XVM.
849 2327 957 2364 Dem.
985 2339 1016 2364 c.
1043 2326 1199 2373 Androt-
1226 2325 1359 2376 p.597.
1385 2325 1515 2364 Aesch.
1543 2326 1621 2363 adv.
1650 2325 1811 2376 Ctesiph.
1839 2340 1874 2376 p.
1886 2325 2017 2364 65.42,

432 2399 502 2449 (⁴⁰)
540 2401 646 2438 Dem.
676 2399 825 2449 Olynth.
852 2400 882 2436 I.
908 2401 1014 2449 p.11.

433 2472 502 2523 (⁴¹)
543 2472 952 2522 Sequor-Seebeckium,
970 2472 1031 2522 qui
1049 2473 1087 2509 in
1104 2473 1218 2509 annal.
1236 2472 1329 2510 stud.
1347 2472 1457 2521 antiq.
1476 2484 1506 2508 a.
1522 2471 1620 2509 1838
1639 2473 1676 2509 ἰη
1694 2473 1996 2510 commentatione
2015 2472 2139 2510 critica
2158 2473 2204 2510 de
2222 2473 2336 2522 prima

380 2543 472 2585 orat.
491 2535 648 2584 Philipp.
677 2535 760 2582 (cfr.
779 2548 875 2571 num.
893 2534 1027 2572 39-42
1054 2548 1127 2584 quo
1154 2547 1247 2572 anno
1274 2542 1375 2571 natus
1401 2534 1448 2570 sit
1463 2533 1744 2583 Demosthenes)
1770 2534 1880 2571 evicit
1898 2533 1990 2571 hunc
2008 2547 2148 2571 annum.
2175 2533 2335 2572 Boeckh.

384 2598 524 2635 Oecon.
542 2596 626 2632 Ath.
646 2596 694 2632 Π.
713 2596 845 2647 Ρ.109.
863 2609 898 2633 n.
906 2596 993 2634 369.
1021 2596 1176 2635 Weiske
1204 2596 1227 2635 l.
1243 2596 1266 2634 1.
1285 2596 1352 2633 111.
1367 2594 1417 2634 15
1437 2602 1473 2634 et
1488 2595 1551 2633 35.
1579 2595 1732 2635 Goeller
1758 2595 1901 2647 proleg.
1939 2596 2084 2647 (progr.
2103 2595 2203 2646 Sept.
2223 2609 2334 2634 mens.

383 2674 413 2696 a.
441 2660 540 2696 1822
569 2658 720 2706 Colon.)
754 2657 849 2708 p.17
882 2671 975 2695 anno
1008 2659 1200 2696 voluerunt
1232 2666 1360 2708 quarto
1388 2657 1538 2695 01.106
1572 2658 1615 2694 ad
1642 2659 1818 2708 Tamynas
1845 2664 2040 2709 pugnatum
2066 2670 2153 2695 esse.
2182 2677 2232 2685 ——
2269 2657 2334 2694 cfr.

383 2721 490 2759 etiam
516 2720 700 2770 Droysen:
727 2713 832 2757 Uber
857 2720 917 2757 die
943 2711 1116 2774 Achtheit
1141 2721 1207 2759 der
1233 2720 1431 2758 Urkunden
1458 2720 1496 2756 in
1520 2719 1625 2757 Dem-
1652 2720 1753 2757 Rede
1780 2733 1864 2757 vom
1890 2719 2019 2757 Kranz.
2049 2719 2170 2769 p.160
2187 2733 2239 2768 sq.

412 2790 504 2841 -(⁴²)
543 2791 674 2829 Aesch.
701 2806 736 2842 Ρ
746 2792 793 2830 51
815 2792 892 2830 init.
920 2792 1104 2832 decretum
1130 2793 1176 2832 de
1203 2793 1300 2832 hisce
1327 2791 1434 2831 rebus
1461 2791 1533 2843 legi
1560 2791 1671 2840 iubet,
1706 2800 1743 2831 et
1769 2792 1991 2832 Phocionem
2017 2792 2272 2842 imperatorem
2298 2799 2336 2829 et

382 2855 646 2893 commilitones
671 2862 779 2893 testes
806 2863 992 2904 provocat.
