2716 3277
427 217 559 294 ‘hm'
590 218 676 278 (⁵⁶)
725 215 1132 263 Verosimillimum
1169 216 1306 279 igitur
1335 213 1515 263 videtur
1552 215 1659 262 hoc.
1700 214 1969 264 ..Aeschines
2006 229 2138 265 causa
2174 217 2253 265 illa
2291 234 2390 282 gra-

434 298 611 343 vissima
641 295 803 353 victus,
840 304 892 341 ut
920 293 1230 341 cavillationes
1262 292 1437 342 dicaces
1470 304 1516 340 et
1548 297 1751 341 morosas
1775 293 1952 358 fugeret
1976 305 2074 362 tum
2103 297 2268 344 civium
2294 306 2394 343 tum

435 371 694 420 ceterorum
727 372 1027 431 Graecorum,
1063 375 1184 420 inter
1215 387 1332 436 quos
1363 369 1518 419 iudicii
1550 373 1719 419 exitum
1752 373 1799 434 (e
1828 381 1926 419 tota
1949 377 2073 421 enim
2099 373 2290 423 Graecia
2314 391 2394 422 au-

435 451 591 499 diendi
630 468 760 498 causa
797 451 1122 498 celeberrimos
1163 461 1366 497 oratores
1403 461 1627 498 certantes
1657 466 1929 498 concursum
1960 451 2067 513 fuit)
2107 468 2215 499 mox
2246 453 2392 502 divul-

435 534 529 596 gari
553 530 824 594 oportebat,
860 530 1063 577 Athenas
1094 540 1139 576 et
1168 528 1406 576 Graeciam
1437 530 1561 577 ultro
1592 529 1794 593 reliquit,
1830 531 1879 575 in
1909 531 2064 575 Asiam
2096 546 2146 576 se
2178 533 2389 590 contulit,

435 611 515 656 ubi
548 611 742 655 otiosam
775 619 821 655 et
854 610 1053 673 quietam
1085 617 1364 655 senectutem
1396 606 1595 672 degeret.
1647 608 1759 655 Erat
1790 609 1911 655 enim
1942 618 2053 654 tune
2086 607 2187 668 (Ol.
2214 611 2320 656 112.
2341 611 2392 671 3)

432 704 583 754 prope
610 689 938 751 sexagenarius.
974 686 1114 733 Dives
1138 685 1421 750 pedetentim
1448 686 1591 733 factus
1617 697 1714 732 erat
1733 688 1839 747 (⁵⁷),
1869 701 2020 749 neque
2045 690 2258 749 angustiis
2284 703 2392 751 ergo

433 769 604 813 victum
638 766 737 811 ullo
771 764 913 810 modo
947 765 1034 810 sibi
1067 780 1227 827 parare
1260 765 1529 827 cogebatur3
1565 780 1728 815 ,verum
1765 762 2058 827 proficiscens
2094 779 2181 828 per
2212 764 2393 812 Cariam

436 856 481 890 'et
513 845 691 889 Ioniam
723 841 880 888 Rhodi
911 843 1090 905 saepius
1121 858 1174 888 ac
1205 841 1403 888 libenter
1434 842 1712 898 morabatur,
1748 842 1907 904 ibique
1938 858 1964 886 a
1995 840 2189 887 Rhodiis
2220 842 2390 889 littera-

434 939 534 967 rum
572 919 785 967 studiosis
825 929 1007 983 rogatus
1046 921 1283 983 utriusque
1324 919 1577 966 orationem
1611 918 1986 983 Ctesiphonteam
2023 921 2281 966 suavissima
2298 937 2392 967 ·sua

435 1012 480 1046 et
513 1000 725 1046 altissima
754 1013 869 1045 voce
902 1000 1127 1055 recitavit,
1171 997 1371 1061 indeque
1409 1014 1629 1044 summam
1668 996 2013 1044 admirationem
2051 1015 2155 1044 eum
2194 1000 2263 1044 sui
2293 1008 2392 1053 tum

434 1078 674 1125 adversarii
708 1078 931 1123 excitavit.
983 1076 1045 1122 At
1083 1086 1223 1122 artem
1259 1075 1530 1122 rhetoricam
1560 1074 1758 1132 ‚Rhodiis
1794 1077 2057 1138 rogantibus
2089 1092 2185 1122 non
2215 1076 2387 1132 docuit,

434 1173 492 1202 ne
527 1158 678 1219 ipsum
713 1153 899 1217 quidem
931 1170 979 1200 se
1012 1146 1126 1200 scire
1159 1152 1466 1218 respondens;
1509 1169 1661 1217 neque
1695 1156 1741 1199 in
1775 1156 1917 1199 causis
1948 1152 2193 1199 tractandis
2222 1156 2392 1212 versari

432 1234 523 1278 illis
559 1232 849 1278 hortantibus
886 1233 1046 1296 utique
1083 1231 1229 1278 voluit
1263 1233 1388 1292 (⁵⁸).'
1426 1231 1588 1294 Itaque
1627 1247 1711 1295 per
1752 1228 1939 1294 aliquod
1981 1240 2162 1294 tempus
2200 1232 2392 1278 otiatum

432 1310 604 1356 Rhodo
637 1309 744 1356 inde
770 1309 957 1355 Samum
990 1309 1182 1355 insulam
1216 1325 1321 1355 eum
1352 1325 1399 1354 se
1430 1309 1674 1355 contulisse
1706 1307 1906 1365 tradunt,
1942 1309 2099 1371 ibique
2122 1300 2220 1355 ‘non
2245 1308 2390 1356 multo

432 1400 540 1452 post
571 1399 801 1434 mortuum
833 1403 929 1433 esse
969 1387 1136 1446 (Phot.
1169 1387 1275 1432 cod.
1298 1389 1374 1432 61.
1411 1386 1800 1446 Pseudo-Plut.).
1857 1386 1981 1431 Num
2014 1389 2391 1455 septuagesimum

435 1469 644 1530 quintum
679 1482 813 1528 agens
845 1475 1051 1511 mortuus
1082 1466 1140 1510 sit
1172 1463 1274 1524 (Ol.
1300 1466 1404 1510 116.
1427 1466 1472 1510 4.
1506 1481 1547 1509 a.
1568 1465 1720 1523 313.),
1765 1463 1890 1527 quod
1922 1464 2199 1527 Apollonius
2232 1466 2387 1521 refert,

431 1549 480 1591 in
512 1544 655 1590 dubio
688 1543 862 1600 haeret,
899 1560 1004 1589 cum
1035 1541 1286 1589 confundat
1309 1542 1589 1606 Apollonius
1615 1559 1718 1588 cum
1748 1543 1838 1588 alio
1866 1544 2019 1588 nescio
2048 1558 2141 1605 quo
2169 1559 2258 1589 una
2287 1559 2391 1589 cum

432 1622 747 1669 Demosthene
780 1621 1022 1668 interfecto
1056 1621 1113 1666 ab
1146 1620 1410 1683 Antipatro.
1461 1620 1636 1667 Vixisse
1668 1623 1803 1667 etiam
1834 1619 2029 1677 videtur,
2072 1638 2176 1667 cum
2208 1624 2391 1667 nuntius

484 1795 554 1843 (⁵⁶)
582 1796 742 1832 Omnino
762 1795 950 1832 consentio
969 1795 1025 1840 iis,
1044 1807 1134 1844 quae
1151 1794 1362 1843 Bernhardy
1381 1794 1417 1830 in
1436 1794 1516 1830 hist.
1532 1794 1640 1830 litter.
1656 1793 1787 1831 Graec.
1806 1793 1924 1844 p.378
1944 1794 2080 1831 statuit:
2099 1794 2196 1840 „Die
2214 1794 2391 1833 Rhetorik

435 1859 499 1896 der
525 1856 749 1894 Asiatischen
776 1870 810 1893 ιι.
838 1855 1071 1893 Rhodischen
1098 1855 1232 1893 Schule
1257 1855 1352 1893 steht
1379 1855 1414 1891 in
1441 1867 1505 1905 gar
1529 1856 1672 1892 keinem
1698 1855 2022 1906 zusammenhange
2054 1855 2120 1893 mit
2146 1856 2227 1893 dem
2253 1856 2390 1893 Verfall

433 1921 498 1958 der
524 1918 712 1957 Attischen
737 1910 1023 1962 Beredsamkeit3
1054 1930 1163 1955 wenn
1195 1916 1315 1969 gleich
1342 1917 1401 1954 die
1427 1916 1565 1955 Namen
1593 1917 1656 1955 des
1682 1916 1877 1955 Aeschines
1903 1931 1937 1954 u.
1964 1918 2171 1955 Demetrius
2197 1917 2389 1956 Phalereus

433 1983 482 2019 als
502 1981 715 2018 Vermittler
741 1978 923 2017 zwischen
950 1979 1071 2018 Altem
1097 1993 1132 2017 u.
1158 1979 1298 2018 Neuem
1324 1977 1513 2017 scheinbar
1540 1978 1806 2030 eingeschoben
1832 1979 1994 2017 werden.
2015 2007 2024 2016 .
2040 2008 2050 2016 .
2066 2008 2075 2016 .
2102 1980 2209 2017 Noch
2227 1981 2390 2031 weniger

430 2045 522 2080 kann
549 2056 622 2080 von
648 2041 844 2079 Aeschines
871 2040 931 2078 die
957 2041 1059 2078 Rede
1085 2041 1175 2087 sein,
1202 2040 1367 2077 welchen
1393 2053 1490 2077 zwar
1511 2040 1686 2078 Sammler
1711 2041 1783 2078 wie
1802 2042 1847 2077 V.
1866 2042 1911 2077 X.
1931 2041 1997 2079 Or.
2016 2055 2051 2091 p.
2061 2041 2148 2078 840.
2162 2042 2209 2078 D.
2229 2040 2389 2090 (σχολὴν

431 2100 706 2147 καταστησάμεν
709 2117 746 2141 ος
771 2100 820 2138 ἐδι
816 2097 953 2151 ’δικ-κε)
987 2116 1022 2139 ιι.
1056 2102 1122 2140 der
1153 2101 1337 2154 Biograph
1373 2101 1434 2139 des
1461 2101 1656 2140 Aeschines
1689 2101 1808 2140 selber
1839 2116 1920 2139 zum
1946 2102 2203 2140 Schulmeister
2228 2103 2389 2149 macheu,

431 2168 490 2204 die
515 2173 625 2217 guten
643 2164 970 2202 Gewahrsm‘anner
987 2164 1168 2215 hingegen
1185 2177 1254 2201 nur
1271 2164 1330 2201 die
1347 2163 1535 2201 Kenntniss
1553 2163 1618 2200 der
1634 2163 1901 2201 Beredsamkeit
1918 2163 2112 2211 (Quinctil.
2131 2164 2213 2200 XII.
2221 2165 2387 2211 10,11.,>

431 2236 536 2265 unter
562 2218 731 2263 auderem
757 2225 846 2262 auch
874 2225 987 2262 durch
1014 2218 1247 2275 Mittheilung
1271 2224 1392 2262 seiner
1408 2224 1534 2262 Reden
1560 2224 1650 2263 nach
1677 2225 1743 2263 der
1768 2225 1863 2263 Insel
1889 2225 2118 2275 verpflanzen
2140 2225 2282 2270 lassenf
2293 2225 2385 2262 wel-

433 2289 499 2325 che
526 2291 646 2338 sp‘ater
672 2286 890 2324 Athenische
916 2287 1162 2325 Lehnneister
1188 2286 1395 2332 besuehten‚
1421 2287 1532 2337 Diog.
1550 2286 1592 2322 L.
1612 2286 1676 2323 IV.
1686 2285 1773 2323 493’

484 2358 553 2409 (⁵⁷)
593 2360 700 2397 Dem.
729 2360 773 2397 de
801 2372 877 2397 cor.
905 2358 1038 2410 p.271:
1064 2354 1233 2397 πλούσιος
1259 2358 1298 2395 ἐκ
1323 2361 1477 2407 πτωχοῦ
1503 2356 1561 2395 διὰ
1588 2355 1748 2396 τουτουσὶ
1775 2355 1943 2408 γεγονώς.
1971 2360 2036 2397 cfr.
2055 2359 2142 2397 ibid.
2168 2360 2298 2410 p.239:
2327 2358 2387 2404 δῆ-

430 2430 490 2459 λον
517 2421 587 2474 γὰρ
614 2418 664 2458 ὅτι
692 2420 736 2458 σύ
764 2416 824 2464 μὲν
850 2420 974 2470 ἀλγεῖς
999 2417 1054 2458 ἐπὶ
1081 2424 1151 2460 τοῖς
1178 2416 1463 2465 συμβεβηκόσιν,
1488 2418 1655 2471 Αἰσχίνη,
1679 2417 1739 2458 καὶ
1764 2419 1846 2461 τούς
1872 2418 2054 2466 Θηβαίους
2079 2422 2196 2464 ἐλεεῖς,
2225 2418 2388 2467 κτήματα

431 2481 530 2533 ἔχων
557 2484 590 2521 ἐν
617 2487 662 2533 τῇ
687 2480 831 2529 Βοιωτίᾳ
857 2479 917 2520 καὶ
942 2486 1110 2536 γεωργῶν
1136 2482 1182 2520 τοὶ
1209 2479 1354 2520 ἐκείνων.
1381 2483 1428 2520 cf.
1455 2483 1560 2520 Dem.
1587 2479 1661 2537 περὶ
1687 2499 1839 2536 napum-4³.
1867 2485 1984 2535 p.386
2003 2485 2079 2522 init.
2107 2484 2230 2522 Schol.
2257 2484 2301 2520 ad
2320 2484 2386 2521 Ti-

430 2545 562 2583 march.
591 2544 709 2596 p.124
739 2545 776 2581 in
804 2545 888 2583 edit.
916 2546 1012 2583 Tim.
1039 2554 1129 2583 orat.
1156 2546 1311 2584 Franke:
1338 2540 1397 2582 καὶ
1424 2542 1494 2598 ’γὰρ
1521 2540 1620 2594 εἶχεν
1645 2543 1755 2599 ἇγρόν
1781 2545 1798 2583 ὅ
1824 2542 2000 2596 Αἰσχίνης
2024 2546 2060 2583 ἐν
2085 2542 2203 2594 Πύδνῃ
2230 2548 2291 2590 τῆς
2307 2550 2388 2583 Μα-

431 2604 597 2646 κεδονίας.
649 2607 699 2643 At
725 2607 988 2645 Demosthenes
1014 2608 1154 2659 gravius
1181 2621 1222 2645 ac
1248 2608 1389 2657 saepius
1414 2607 1629 2644 Aeschinem
1656 2608 1889 2660 obiurgasset,
1915 2609 1944 2645 si
1971 2621 2045 2647 non
2068 2608 2161 2646 iusto
2180 2607 2290 2646 modo
2310 2608 2386 2646 illas

431 2669 673 2719 possessiones
699 2669 882 2708 tenuisset.
934 2668 1103 2717 Libanius
1130 2670 1167 2708 in
1194 2670 1265 2708 vita
1291 2670 1386 2720 p.10
1413 2683 1486 2707 non
1513 2669 1705 2707 audiendus
1732 2679 1796 2708 est.

482 2739 553 2788 (⁵⁶)
592 2740 801 2791 Anonymus
828 2741 865 2778 in
886 2741 973 2779 vita:
999 2736 1095 2778 ἔνθα
1121 2736 1286 2785 δεομένων
1312 2739 1423 2778 αὐτοῦ
1446 2732 1584 2778 Ῥοδίων
1609 2739 1669 2786 τὴν
1694 2737 1824 2791 τέχνην
1851 2738 1999 2794 διδάξαι
2024 2740 2085 2786 τὴν
2110 2738 2295 2795 ῥητορικήν,
2325 2742 2386 2794 ἆρ-

432 2799 617 2845 νῆτατθαι
644 2797 783 2838 εἰπόντα
809 2798 892 2845 μήδ’
912 2801 1018 2839 αὐτὸν
1044 2799 1178 2839 εἰδέναι.
1206 2800 1307 2842 δίκας
1332 2805 1421 2851 γοῦν
1446 2799 1654 2839 κελευόντων
1680 2805 1797 2846 εἰπεῖν,
1823 2799 2020 2841 οὐδὲτοῦτο
2037 2802 2213 2848 θελῆσαι·
2241 2799 2386 2846 συμβα-

431 2858 550 2905 λόντα,
575 2859 624 2900 ὅτι
652 2863 686 2899 ἓν
711 2866 754 2911 τῇ
779 2859 915 2916 πατρίδι
942 2861 1122 2908 ἡττηθείς,
1147 2862 1272 2908 κομιδῆ
1297 2863 1340 2912 «γ’
1360 2860 1403 2901 ἂν
1429 2859 1483 2901 ἐπὶ
1510 2867 1579 2912 «γῆς
1604 2862 1787 2918 ἀλλοτρίας
1814 2857 2069 2917 διᾶφθαρῖναι.
