2716 3277
1378 116 1414 170 8

414 237 607 300 probrat
638 231 878 280 maledicta
911 247 966 279 ex
997 234 1133 281 trivio
1167 235 1386 298 arripiens
1403 235 1522 296 (2¹).
1577 232 1845 283 Rectissime
1878 252 2061 295 mones,
2105 241 2168 284 mi
2198 238 2370 290 Demo·

415 304 596 360 sthenes
608 332 620 368 ;
663 310 914 358 Aeschines
952 327 1120 376 nempe
1160 311 1217 358 ad
1257 315 1427 359 maiora
1458 312 1739 376 melioraque
1774 314 1946 376 agenda
1977 327 2109 363 natus
2140 328 2251 364 erat.
2302 320 2372 365 Ac

412 392 532 439 licet.
551 392 735 436 nonnisi
766 392 921 436 tertias
955 393 1120 454 egerit,
1156 401 1306 437 tamen
1319 424 1331 446 ,
1374 399 1693 454 praeterquam
1716 390 1852 455 ,quod
1887 392 1996 440 inde
2027 393 2224 442 habebat
2256 396 2370 459 quae

416 469 472 515 ad
504 467 751 516 vivendum
783 479 890 515 sunt
920 471 1170 516 necessaria
1202 469 1308 529 (²2),
1354 485 1458 514 cum
1488 478 1648 531 postea
1680 479 1835 515 orator
1866 470 2074 533 publicas
2089 467 2177 519 *res
2210 484 2370 520 tracta·

413 549 515 603 bat,
559 549 778 592 maximae
810 546 994 592 utilitati
1027 548 1069 592 ei
1102 556 1197 592 erat
1236 544 1461 608 quidquid
1500 545 1608 591 inde
1647 547 1734 592 sibi
1772 542 2028 609 paraverat,
2071 559 2214 595 artem
2245 553 2370 597 vocis

413 623 681 681 flectendas,
718 640 857 671 sonos
889 634 986 670 tum
1017 620 1284 668 intendendi
1316 633 1414 668 tum
1445 621 1723 680 remittendi,
1766 625 1875 671 item
1908 627 2135 688 egregium
2164 626 2370 674 habitum

414 705 641 766 corporis,
684 701 1044 749 moderationem
1075 704 1200 748 vocis
1241 712 1287 748 et
1324 703 1530 765 corporis
1571 700 1627 747 ad
1665 717 1818 748 rerum
1849 703 2189 768 verborumque
2220 704 2369 768 digni-

411 791 553 827 tatem
582 782 879 844 aptissimam:
917 795 1028 842 quas
1060 781 1180 843 ipsas
1213 782 1431 825 oratorias
1461 783 1647 826 virtutes
1677 779 1893 848 Aeschini
1925 780 2078 836 fuisse,
2112 784 2369 847 saepissime

414 876 539 905 suam
560 861 627 905 ‘ab
661 858 750 904 illis
782 859 985 921 inopiam
1016 867 1184 905 testans
1218 857 1463 905 confitetur
1499 860 1632 904 nimis
1669 857 1916 904 invidiosus
1950 858 2227 907 adversarius
2260 864 2363 921 (²³).

1332 1002 1380 1061 g.
1403 1002 1448 1044 4.

585 1093 751 1139 Postea
791 1095 927 1156 igitur
967 1091 1150 1138 demum
1193 1107 1329 1155 quam
1368 1095 1513 1155 prima
1554 1091 1777 1159 stipendia
1817 1093 1948 1149 fecit,
1992 1095 2164 1139 scribae
2205 1111 2367 1139 munus

411 1174 600 1217 subiisse
632 1171 827 1227 videtur,
872 1169 998 1234 quod
1030 1169 1366 1217 Demosthenes
1404 1170 1573 1216 factum
1612 1186 1707 1217 esse
1746 1181 2073 1217 commemorat
2104 1171 2229 1216 illico
2261 1183 2367 1234 post

411 1250 763 1311 adscriptionem
795 1250 892 1293 eius
924 1250 1043 1293 inter
1076 1250 1211 1304 cives,
1248 1248 1333 1293 hos
1364 1248 1549 1294 militiae
1582 1263 1725 1294 annos
1756 1249 2134 1312 praetermittens.
2190 1247 2364 1296 Demo-

410 1327 591 1373 sthenes
615 1342 750 1393 saepe
775 1327 1031 1389 opprobrio
1053 1329 1205 1382 vertit,
1241 1327 1321 1371 tali
1352 1341 1538 1372 munere
1565 1326 1770 1372 functum
1795 1341 1891 1372 esse
1915 1326 2020 1387 (²⁴).
2065 1324 2283 1390 Princeps
2308 1325 2364 1373 de

409 1405 499 1452 hoc
533 1405 663 1451 locus
696 1415 763 1451 est
794 1401 882 1470 περὶ
906 1396 1176 1470 παραπρεσβ.
1205 1422 1254 1466 Ρ.
1271 1406 1387 1449 419;
1424 1400 1856 1470 ὑπογραμματεύοντες
1887 1401 1927 1448 ἃ
1959 1401 2063 1449 οὗτοι
2094 1404 2363 1465 (Aeschines
2443 1410 2447 1413 “

411 1494 456 1529 et
487 1483 646 1544 frater)
682 1479 749 1528 καὶ
779 1481 1061 1549 ὑπηρετοῦντες
1093 1475 1277 1530 ἁπάσαις
1309 1484 1398 1530 ταῖς
1431 1482 1588 1548 ἀρχαῖς
1620 1477 1803 1548 ἀργύριον
1843 1477 2081 1542 εἰληφεσαν,
2121 1501 2189 1527 και
2220 1481 2264 1527 τὸ
2298 1500 2362 1527 τε-

1664 1554 1684 1573 ³!

408 1565 588 1606 λευταιον
627 1562 703 1621 ὑφ’
735 1561 845 1615 ὑμῶν
876 1562 1134 1628 γραμματεῖς
1171 1555 1524 1628 χειροτονηθέντες
1562 1554 1625 1606 δύ’
1661 1578 1727 1613 ετη
1767 1555 2039 1652 διετράφησαν
2077 1562 2115 1606 ἓν
2152 1562 2199 1619 τῇ
2231 1556 2363 1618 θόλῳ.

409 1652 455 1686 et
479 1640 592 1686 ibid.
619 1658 668 1702 p.
684 1641 800 1685 44⁶2:
838 1638 906 1683 καὶ
935 1636 1018 1704 γὰρ
1051 1656 1102 1682 αυ
1133 1640 1251 1682 τοῦτο
1279 1666 1328 1674 -
1358 1634 1558 1693 ὡμολόγει
1582 1634 1990 1705 γεγραμματευκέναι
2022 1636 2090 1684 καὶ
2119 1633 2242 1706 χάριν
2274 1640 2363 1694 ὑμῖν

407 1714 518 1776 ἔχειν
550 1735 621 1763 του
653 1714 999 1783 χειροτονηθῆναι.
1054 1715 1324 1762 Persuasum
1363 1718 1496 1762 nobis
1535 1732 1630 1762 esse
1669 1717 1799 1773 licet,
1844 1716 2203 1763 Demosthenem
2241 1716 2362 1763 haud

405 1799 598 1842 nimium
635 1795 826 1841 honoris
866 1794 1084 1842 Aeschini
1124 1796 1351 1841 tribuisse.
1413 1793 1646 1839 Addamus
1686 1797 1928 1857 scriptores
1969 1797 2109 1841 vitae:
2159 1794 2361 1841 Pseudo·

404 1874 529 1921 Plut.
560 1876 629 1934 (et
654 1872 793 1920 Phot.
804 1872 931 1919 cod.
955 1875 1113 1934 264.:)
1151 1874 1203 1921 ὥς
1234 1869 1275 1917 δὲ
1305 1879 1413 1927 Δημ.
1448 1870 1586 1932 φησιν,
1626 1869 2002 1939 ὑπογραμματεύων
2036 1892 2076 1917 κ.
2094 1891 2132 1918 τ.
2150 1881 2188 1917 λ.
2221 1870 2358 1919 Phot.

407 1952 512 2011 cod.
535 1954 619 1997 61.
661 1946 945 2017 ἐγραμματευε
984 1951 1033 2011 τῇ
1071 1944 1218 2010 Βουλῇ.
1264 1949 1543 2013 Apollonius
1580 1949 1720 1996 habet
1751 1950 1904 1996 locum
1935 1950 2072 1996 Dem.
2107 1954 2205 2007 cit.;
2250 1967 2360 1997 ano-

407 2048 594 2094 nymum
617 2032 735 2076 vitae
762 2031 1030 2092 scriptorem
1058 2028 1242 2074 solum
1230 2030 1482 2074 invenimus
1508 2037 1693 2074 testem.
1722 2045 1815 2073 οντα
1839 2024 1880 2073 δὲ
1903 2016 2199 2095 λαμπροφωνον
2223 2047 2359 2096 γραμ·

404 2109 609 2164 ματεῦσαι
644 2107 935 2173 Ἀριστοφῶντι
975 2124 1043 2151 και
1084 2123 1190 2161 μετα
1231 2123 1367 2151 τουτον
1407 2099 1633 2164 Εὐβούλῳ,
1684 2108 1763 2169 qui
1801 2106 2117 2153 verosimiliter
2158 2123 2212 2152 ex
2253 2107 2359 2152 loco

405 2288 492 2324 vatis
520 2286 714 2331 detrectat,
739 2284 993 2322 Demosthenis
1019 2283 1138 2321 verbis
1166 2284 1311 2330 ductus,
1338 2283 1396 2321 hic
1424 2284 1529 2321 etiam
1555 2284 1647 2322 hunc
1674 2291 1813 2322 secutus
1831 2292 1904 2331 est,
1930 2283 2146 2322 Aeschinem
2164 2283 2358 2321 scribarum

404 2348 608 2386 muneribus
635 2355 716 2384 ante
743 2347 902 2384 functum
929 2360 1005 2384 esse
1032 2359 1137 2396 quam
1163 2346 1348 2383 histrionis
1379 2354 1496 2394 partes
1522 2346 1728 2396 susceperit.

456 2419 526 2470 (²¹)
566 2421 672 2459 Dem.
701 2420 772 2458 l..c
799 2420 874 2458 229
889 2434 967 2470 sqq.
987 2419 1075 2458 270.
1091 2419 1177 2458 288.
1219 2435 1373 2472 παραπρ.
1400 2418 1486 2456 400.
1502 2418 1587 2456 418.
1628 2420 1806 2469 Harpocr.
1833 2433 1909 2456 s.v.
1934 2413 2167 2471 ”Ῑο·χανδρος·
2194 2417 2358 2471 τραγικὸς

403 2481 586 2535 ὑποκριτὴς
613 2484 629 2518 ὁ
652 2478 869 2534 Ἰο-χοινδρός
894 2481 977 2518 ἐστι.
1005 2480 1103 2518 δοκεῖ
1125 2479 1162 2518 δ’
1190 2480 1289 2530 αὐτῷ
1314 2475 1637 2534 συνυποκρινόμενος
1662 2476 1836 2530 Αἰσχίνης
1862 2481 1879 2518 ὅ
1904 2476 2012 2535 ῥήτωρ
2038 2480 2072 2517 ἓν
2098 2483 2269 2528 Κολλυτῷ
2292 2496 2356 2517 κα·

403 2547 580 2588 mma-stu,
604 2540 711 2581 καθά
739 2554 827 2592 φησι
847 2540 1064 2597 Δημοχάρης
1090 2544 1124 2580 ἐν
1149 2546 1220 2583 τοῖς
1245 2539 1444 2592 Διαλόγοις.

455 2617 525 2666 (²²)
566 2632 598 2655 v.
626 2616 785 2655 Boeckh.
815 2616 955 2655 Oecon.
981 2617 1115 2655 Athen.
1143 2617 1171 2653 1.
1200 2630 1234 2667 p.
1244 2616 1336 2654 133:
1370 2615 1474 2653 Auch
1499 2616 1663 2667 gemeine
1690 2616 1990 2655 herumziehende
2017 2615 2267 2665 Schauspieler

403 2682 525 2718 hatten
551 2680 607 2716 ihr
632 2687 735 2730 gutes
760 2678 1012 2717 Auskommen.

452 2751 524 2801 (²³)
563 2767 601 2788 π.
626 2766 780 2804 παραπρ.
808 2750 939 2801 p.422;
966 2751 1140 2802 imprimis
1167 2749 1286 2801 p.449
1300 2764 1353 2800 sq.
1382 2750 1610 2788 clarissimam
1628 2748 1755 2789 vocem
1782 2751 1913 2800 p.405.
1933 2750 2063 2800 p.408.
2092 2750 2138 2787 cf.
2157 2746 2231 2801 περὶ
2249 2752 2353 2795 στεφ.

401 2814 532 2863 9313.
560 2814 690 2862 p.329.

453 2883 524 2934 (²4)
563 2901 600 2923 π.
627 2900 780 2938 παραπρ.
807 2884 939 2936 Ρ.371;
957 2884 1042 2930 415;
1061 2886 1148 2931 419;
1165 2884 1253 2924 442.
1281 2901 1318 2922 π.
1347 2894 1451 2933 στεφ.
1478 2885 1610 2936 p.314;
1628 2886 1714 2930 3153
1732 2885 1817 2930 2973
1836 2886 1921 2923 268.
