<?xml version="1.0" encoding="UTF-8"?>
<!DOCTYPE html PUBLIC "-//W3C//DTD XHTML 1.0 Transitional//EN"
    "http://www.w3.org/TR/xhtml1/DTD/xhtml1-transitional.dtd">
<html xmlns="http://www.w3.org/1999/xhtml" xml:lang="en" lang="en">
 <head>
  <title>
</title>
<meta http-equiv="Content-Type" content="text/html;charset=utf-8" />
  <meta name='ocr-system' content='tesseract 3.04.00' />
  <meta name='ocr-capabilities' content='ocr_page ocr_carea ocr_par ocr_line ocrx_word'/>
</head>
<body>
  <div class='ocr_page' id='page_1' title='image "4768883_0018.png"; bbox 0 0 2716 3277; ppageno 0'>
   <div class='ocr_carea' id='block_1_1' title="bbox 1286 89 1404 270">
    <p class='ocr_par' dir='ltr' id='par_1_1' title="bbox 1286 89 1404 270">
     <span class='ocr_line' id='line_1_1' title="bbox 1315 89 1382 143; baseline 0 0"><span class='ocrx_word' id='word_1_1' title='bbox 1315 89 1382 143; x_wconf 89' lang='lat'>10</span> 
     </span>
     <span class='ocr_line' id='line_1_2' title="bbox 1286 208 1404 270; baseline 0 -17"><span class='ocrx_word' id='word_1_2' title='bbox 1286 208 1337 270; x_wconf 64' lang='lat' dir='ltr'>g„</span> <span class='ocrx_word' id='word_1_3' title='bbox 1357 208 1404 253; x_wconf 87' lang='lat'>5.</span> 
     </span>
    </p>
   </div>
   <div class='ocr_carea' id='block_1_2' title="bbox 363 284 2324 1524">
    <p class='ocr_par' dir='ltr' id='par_1_2' title="bbox 363 284 2324 1524">
     <span class='ocr_line' id='line_1_3' title="bbox 537 284 2321 349; baseline 0.004 -17"><span class='ocrx_word' id='word_1_4' title='bbox 537 284 787 332; x_wconf 75' lang='lat' dir='ltr'>Aeschines</span> <span class='ocrx_word' id='word_1_5' title='bbox 816 284 990 331; x_wconf 86' lang='lat' dir='ltr'>nullam</span> <span class='ocrx_word' id='word_1_6' title='bbox 1020 286 1299 332; x_wconf 82' lang='lat' dir='ltr'><strong>mentionem</strong></span> <span class='ocrx_word' id='word_1_7' title='bbox 1313 285 1446 343; x_wconf 67' lang='lat' dir='ltr'>facit,</span> <span class='ocrx_word' id='word_1_8' title='bbox 1482 285 1619 333; x_wconf 77' lang='lat' dir='ltr'>fiiisse</span> <span class='ocrx_word' id='word_1_9' title='bbox 1644 302 1694 333; x_wconf 91' lang='lat' dir='ltr'>se</span> <span class='ocrx_word' id='word_1_10' title='bbox 1718 298 1796 349; x_wconf 71' lang='lat' dir='ltr'>aut</span> <span class='ocrx_word' id='word_1_11' title='bbox 1821 288 2088 337; x_wconf 84' lang='lat' dir='ltr'>histrionem</span> <span class='ocrx_word' id='word_1_12' title='bbox 2112 301 2189 338; x_wconf 89' lang='lat' dir='ltr'>aut</span> <span class='ocrx_word' id='word_1_13' title='bbox 2214 294 2321 338; x_wconf 84' lang='lat' dir='ltr'>seri-</span> 
     </span>
     <span class='ocr_line' id='line_1_4' title="bbox 363 362 2321 431; baseline 0.003 -19"><span class='ocrx_word' id='word_1_14' title='bbox 363 367 493 422; x_wconf 81' lang='lat' dir='ltr'>bam3</span> <span class='ocrx_word' id='word_1_15' title='bbox 529 362 609 411; x_wconf 88' lang='lat' dir='ltr'>sed</span> <span class='ocrx_word' id='word_1_16' title='bbox 642 363 689 411; x_wconf 91' lang='lat' dir='ltr'>id</span> <span class='ocrx_word' id='word_1_17' title='bbox 722 362 865 411; x_wconf 87' lang='lat' dir='ltr'>modo</span> <span class='ocrx_word' id='word_1_18' title='bbox 899 380 954 411; x_wconf 86' lang='lat' dir='ltr'>ex</span> <span class='ocrx_word' id='word_1_19' title='bbox 984 367 1039 411; x_wconf 88' lang='lat' dir='ltr'>iis</span> <span class='ocrx_word' id='word_1_20' title='bbox 1070 381 1186 428; x_wconf 83' lang='lat' dir='ltr'>quae</span> <span class='ocrx_word' id='word_1_21' title='bbox 1213 363 1548 411; x_wconf 76' lang='lat' dir='ltr'>Demosthenes</span> <span class='ocrx_word' id='word_1_22' title='bbox 1580 376 1747 423; x_wconf 80' lang='lat' dir='ltr'>narrat,</span> <span class='ocrx_word' id='word_1_23' title='bbox 1784 369 2058 431; x_wconf 85' lang='lat' dir='ltr'>scriptorum</span> <span class='ocrx_word' id='word_1_24' title='bbox 2084 372 2203 417; x_wconf 85' lang='lat' dir='ltr'>vitae</span> <span class='ocrx_word' id='word_1_25' title='bbox 2229 373 2321 417; x_wconf 90' lang='lat' dir='ltr'>Ae·</span> 
     </span>
     <span class='ocr_line' id='line_1_5' title="bbox 364 442 2318 511; baseline 0.002 -20"><span class='ocrx_word' id='word_1_26' title='bbox 364 443 531 491; x_wconf 88' lang='lat' dir='ltr'>schinis</span> <span class='ocrx_word' id='word_1_27' title='bbox 555 446 732 491; x_wconf 89' lang='lat' dir='ltr'>ratione</span> <span class='ocrx_word' id='word_1_28' title='bbox 757 443 930 501; x_wconf 77' lang='lat' dir='ltr'>habita,</span> <span class='ocrx_word' id='word_1_29' title='bbox 966 446 1192 490; x_wconf 87' lang='lat' dir='ltr'>coniicere</span> <span class='ocrx_word' id='word_1_30' title='bbox 1219 443 1373 501; x_wconf 91' lang='lat' dir='ltr'>licuit;</span> <span class='ocrx_word' id='word_1_31' title='bbox 1408 442 1466 489; x_wconf 92' lang='lat' dir='ltr'>de</span> <span class='ocrx_word' id='word_1_32' title='bbox 1492 444 1651 490; x_wconf 84' lang='lat' dir='ltr'>militia</span> <span class='ocrx_word' id='word_1_33' title='bbox 1674 461 1754 490; x_wconf 89' lang='lat' dir='ltr'>sua</span> <span class='ocrx_word' id='word_1_34' title='bbox 1780 449 2029 492; x_wconf 82' lang='lat' dir='ltr'>accuratius</span> <span class='ocrx_word' id='word_1_35' title='bbox 2054 447 2190 494; x_wconf 83' lang='lat' dir='ltr'>tradit</span> <span class='ocrx_word' id='word_1_36' title='bbox 2211 450 2318 511; x_wconf 83' lang='lat'><strong>(³¹),</strong></span> 
     </span>
     <span class='ocr_line' id='line_1_6' title="bbox 365 521 2322 588; baseline 0.002 -19"><span class='ocrx_word' id='word_1_37' title='bbox 365 538 503 587; x_wconf 79' lang='lat' dir='ltr'>quam</span> <span class='ocrx_word' id='word_1_38' title='bbox 538 521 877 569; x_wconf 77' lang='lat' dir='ltr'>Demosthenes</span> <span class='ocrx_word' id='word_1_39' title='bbox 916 524 1084 568; x_wconf 90' lang='lat' dir='ltr'>omittit</span> <span class='ocrx_word' id='word_1_40' title='bbox 1121 523 1287 585; x_wconf 85' lang='lat' dir='ltr'>passim</span> <span class='ocrx_word' id='word_1_41' title='bbox 1331 522 1508 568; x_wconf 85' lang='lat' dir='ltr'>bonum</span> <span class='ocrx_word' id='word_1_42' title='bbox 1546 522 1736 569; x_wconf 88' lang='lat' dir='ltr'>militem</span> <span class='ocrx_word' id='word_1_43' title='bbox 1775 539 1880 570; x_wconf 89' lang='lat' dir='ltr'>eum</span> <span class='ocrx_word' id='word_1_44' title='bbox 1916 525 2067 570; x_wconf 82' lang='lat' dir='ltr'>verbis</span> <span class='ocrx_word' id='word_1_45' title='bbox 2104 529 2322 588; x_wconf 85' lang='lat' dir='ltr'>perstrin-</span> 
     </span>
     <span class='ocr_line' id='line_1_7' title="bbox 365 598 2324 667; baseline 0.002 -19"><span class='ocrx_word' id='word_1_46' title='bbox 365 617 473 664; x_wconf 80' lang='lat' dir='ltr'>gens</span> <span class='ocrx_word' id='word_1_47' title='bbox 506 601 611 660; x_wconf 82' lang='lat'>(³²).</span> <span class='ocrx_word' id='word_1_48' title='bbox 673 601 737 646; x_wconf 91' lang='lat' dir='ltr'>At</span> <span class='ocrx_word' id='word_1_49' title='bbox 768 616 863 646; x_wconf 87' lang='lat' dir='ltr'>non</span> <span class='ocrx_word' id='word_1_50' title='bbox 895 599 1054 645; x_wconf 84' lang='lat' dir='ltr'>habuit</span> <span class='ocrx_word' id='word_1_51' title='bbox 1085 598 1210 662; x_wconf 72' lang='lat' dir='ltr'>quod</span> <span class='ocrx_word' id='word_1_52' title='bbox 1245 598 1331 645; x_wconf 89' lang='lat' dir='ltr'>hac</span> <span class='ocrx_word' id='word_1_53' title='bbox 1362 602 1410 645; x_wconf 91' lang='lat' dir='ltr'>in</span> <span class='ocrx_word' id='word_1_54' title='bbox 1439 615 1488 645; x_wconf 90' lang='lat' dir='ltr'>re</span> <span class='ocrx_word' id='word_1_55' title='bbox 1524 602 1567 645; x_wconf 89' lang='lat' dir='ltr'>ei</span> <span class='ocrx_word' id='word_1_56' title='bbox 1600 601 1876 648; x_wconf 82' lang='lat' dir='ltr'>obtrectaret</span> <span class='ocrx_word' id='word_1_57' title='bbox 1907 604 1944 647; x_wconf 89' lang='lat' dir='ltr'>is</span> <span class='ocrx_word' id='word_1_58' title='bbox 1977 605 2058 666; x_wconf 90' lang='lat' dir='ltr'>qui</span> <span class='ocrx_word' id='word_1_59' title='bbox 2089 620 2324 667; x_wconf 85' lang='lat' dir='ltr'>nunquam</span> 
     </span>
     <span class='ocr_line' id='line_1_8' title="bbox 363 676 2322 745; baseline 0.001 -19"><span class='ocrx_word' id='word_1_60' title='bbox 363 679 595 744; x_wconf 85' lang='lat' dir='ltr'>proelium</span> <span class='ocrx_word' id='word_1_61' title='bbox 626 681 829 726; x_wconf 83' lang='lat' dir='ltr'>virorum</span> <span class='ocrx_word' id='word_1_62' title='bbox 860 677 992 726; x_wconf 69' lang='lat' dir='ltr'>vidit:</span> <span class='ocrx_word' id='word_1_63' title='bbox 1046 676 1211 740; x_wconf 88' lang='lat' dir='ltr'>Neque</span> <span class='ocrx_word' id='word_1_64' title='bbox 1250 677 1440 724; x_wconf 88' lang='lat' dir='ltr'>dubium</span> <span class='ocrx_word' id='word_1_65' title='bbox 1479 689 1569 736; x_wconf 89' lang='lat' dir='ltr'>est,</span> <span class='ocrx_word' id='word_1_66' title='bbox 1616 682 1730 742; x_wconf 86' lang='lat' dir='ltr'>quin</span> <span class='ocrx_word' id='word_1_67' title='bbox 1770 681 2064 741; x_wconf 81' lang='lat' dir='ltr'>fortissimum</span> <span class='ocrx_word' id='word_1_68' title='bbox 2103 683 2322 745; x_wconf 87' lang='lat' dir='ltr'>probissi-</span> 
     </span>
     <span class='ocr_line' id='line_1_9' title="bbox 364 754 2321 824; baseline 0.001 -20"><span class='ocrx_word' id='word_1_69' title='bbox 364 773 584 821; x_wconf 87' lang='lat' dir='ltr'>mumque</span> <span class='ocrx_word' id='word_1_70' title='bbox 615 757 807 803; x_wconf 88' lang='lat' dir='ltr'>militem</span> <span class='ocrx_word' id='word_1_71' title='bbox 840 773 887 803; x_wconf 89' lang='lat' dir='ltr'>se</span> <span class='ocrx_word' id='word_1_72' title='bbox 919 757 1183 821; x_wconf 84' lang='lat' dir='ltr'>praebuerit</span> <span class='ocrx_word' id='word_1_73' title='bbox 1214 756 1485 814; x_wconf 82' lang='lat' dir='ltr'>Aeschines,</span> <span class='ocrx_word' id='word_1_74' title='bbox 1530 759 1702 821; x_wconf 88' lang='lat' dir='ltr'>quippe</span> <span class='ocrx_word' id='word_1_75' title='bbox 1724 760 1815 824; x_wconf 24' lang='lat' dir='ltr'>,qui</span> <span class='ocrx_word' id='word_1_76' title='bbox 1847 757 2121 805; x_wconf 87' lang='lat' dir='ltr'>duces-suos</span> <span class='ocrx_word' id='word_1_77' title='bbox 2152 754 2321 823; x_wconf 84' lang='lat' dir='ltr'>ipsum-</span> 
     </span>
     <span class='ocr_line' id='line_1_10' title="bbox 366 835 2323 899; baseline 0 -17"><span class='ocrx_word' id='word_1_78' title='bbox 366 853 459 899; x_wconf 89' lang='lat' dir='ltr'>que</span> <span class='ocrx_word' id='word_1_79' title='bbox 492 836 774 882; x_wconf 88' lang='lat' dir='ltr'>Phocionem</span> <span class='ocrx_word' id='word_1_80' title='bbox 814 837 1106 880; x_wconf 88' lang='lat' dir='ltr'>iustissimum</span> <span class='ocrx_word' id='word_1_81' title='bbox 1143 837 1320 881; x_wconf 82' lang='lat' dir='ltr'>virtutis</span> <span class='ocrx_word' id='word_1_82' title='bbox 1360 851 1467 881; x_wconf 88' lang='lat' dir='ltr'>suae</span> <span class='ocrx_word' id='word_1_83' title='bbox 1503 845 1641 880; x_wconf 87' lang='lat' dir='ltr'>testes</span> <span class='ocrx_word' id='word_1_84' title='bbox 1679 835 1885 881; x_wconf 88' lang='lat' dir='ltr'>haberet.</span> <span class='ocrx_word' id='word_1_85' title='bbox 1938 836 2186 883; x_wconf 85' lang='lat' dir='ltr'>Aeschines</span> <span class='ocrx_word' id='word_1_86' title='bbox 2218 854 2323 883; x_wconf 87' lang='lat' dir='ltr'>cum</span> 
     </span>
     <span class='ocr_line' id='line_1_11' title="bbox 365 912 2322 978; baseline 0.001 -18"><span class='ocrx_word' id='word_1_87' title='bbox 365 915 563 978; x_wconf 89' lang='lat' dir='ltr'>primum</span> <span class='ocrx_word' id='word_1_88' title='bbox 588 928 780 959; x_wconf 90' lang='lat' dir='ltr'>numero</span> <span class='ocrx_word' id='word_1_89' title='bbox 808 914 973 959; x_wconf 84' lang='lat' dir='ltr'>civium</span> <span class='ocrx_word' id='word_1_90' title='bbox 998 912 1249 977; x_wconf 87' lang='lat' dir='ltr'>adscriptus</span> <span class='ocrx_word' id='word_1_91' title='bbox 1276 923 1359 970; x_wconf 89' lang='lat' dir='ltr'>est,</span> <span class='ocrx_word' id='word_1_92' title='bbox 1385 915 1505 959; x_wconf 89' lang='lat' dir='ltr'>inter</span> <span class='ocrx_word' id='word_1_93' title='bbox 1527 913 1765 977; x_wconf 88' lang='lat' dir='ltr'>peripolos</span> <span class='ocrx_word' id='word_1_94' title='bbox 1789 930 1875 977; x_wconf 88' lang='lat' dir='ltr'>per</span> <span class='ocrx_word' id='word_1_95' title='bbox 1900 914 2016 960; x_wconf 87' lang='lat' dir='ltr'>duos</span> <span class='ocrx_word' id='word_1_96' title='bbox 2043 931 2185 960; x_wconf 89' lang='lat' dir='ltr'>annos</span> <span class='ocrx_word' id='word_1_97' title='bbox 2208 919 2322 961; x_wconf 86' lang='lat' dir='ltr'>tiro-</span> 
     </span>
     <span class='ocr_line' id='line_1_12' title="bbox 365 978 2321 1055; baseline 0 -17"><span class='ocrx_word' id='word_1_98' title='bbox 365 994 535 1038; x_wconf 80' lang='lat' dir='ltr'>cinium</span> <span class='ocrx_word' id='word_1_99' title='bbox 559 991 667 1037; x_wconf 85' lang='lat' dir='ltr'>fecit</span> <span class='ocrx_word' id='word_1_100' title='bbox 694 987 795 1050; x_wconf 93' lang='lat' dir='ltr'>(Ol.</span> <span class='ocrx_word' id='word_1_101' title='bbox 821 993 925 1036; x_wconf 76' lang='lat'>102.</span> <span class='ocrx_word' id='word_1_102' title='bbox 954 1007 995 1036; x_wconf 91' lang='lat' dir='ltr'>a.</span> <span class='ocrx_word' id='word_1_103' title='bbox 1012 993 1040 1036; x_wconf 88' lang='grc'><strong>3</strong></span> <span class='ocrx_word' id='word_1_104' title='bbox 1065 1001 1110 1036; x_wconf 90' lang='lat' dir='ltr'>et</span> <span class='ocrx_word' id='word_1_105' title='bbox 1134 993 1178 1047; x_wconf 84' lang='grc'>4,</span> <span class='ocrx_word' id='word_1_106' title='bbox 1214 978 1558 1051; x_wconf 69' lang='lat' dir='ltr'>a.&#39;370-369.).</span> <span class='ocrx_word' id='word_1_107' title='bbox 1609 990 1791 1037; x_wconf 83' lang='lat' dir='ltr'>Deinde</span> <span class='ocrx_word' id='word_1_108' title='bbox 1823 993 2006 1055; x_wconf 85' lang='lat' dir='ltr'>saepius</span> <span class='ocrx_word' id='word_1_109' title='bbox 2033 1003 2079 1038; x_wconf 89' lang='lat' dir='ltr'>et</span> <span class='ocrx_word' id='word_1_110' title='bbox 2108 995 2321 1055; x_wconf 83' lang='lat' dir='ltr'>graviori-</span> 
     </span>
     <span class='ocr_line' id='line_1_13' title="bbox 364 1068 2321 1132; baseline 0.001 -17"><span class='ocrx_word' id='word_1_111' title='bbox 364 1071 450 1115; x_wconf 85' lang='lat' dir='ltr'>bus</span> <span class='ocrx_word' id='word_1_112' title='bbox 481 1079 528 1115; x_wconf 89' lang='lat' dir='ltr'>et</span> <span class='ocrx_word' id='word_1_113' title='bbox 558 1068 807 1115; x_wconf 84' lang='lat' dir='ltr'>levioribus</span> <span class='ocrx_word' id='word_1_114' title='bbox 837 1068 1025 1132; x_wconf 90' lang='lat' dir='ltr'>proeliis</span> <span class='ocrx_word' id='word_1_115' title='bbox 1059 1068 1510 1132; x_wconf 85' lang='lat' dir='ltr'>expeditionibusve,</span> <span class='ocrx_word' id='word_1_116' title='bbox 1551 1068 1692 1132; x_wconf 84' lang='lat' dir='ltr'>prout</span> <span class='ocrx_word' id='word_1_117' title='bbox 1723 1079 1984 1132; x_wconf 87' lang='lat' dir='ltr'>temporum</span> <span class='ocrx_word' id='word_1_118' title='bbox 2012 1071 2210 1117; x_wconf 75' lang='lat' dir='ltr'>rationes</span> <span class='ocrx_word' id='word_1_119' title='bbox 2243 1070 2321 1116; x_wconf 92' lang='lat' dir='ltr'>da-</span> 
     </span>
     <span class='ocr_line' id='line_1_14' title="bbox 364 1145 2321 1212; baseline 0.001 -18"><span class='ocrx_word' id='word_1_120' title='bbox 364 1157 483 1204; x_wconf 83' lang='lat' dir='ltr'>rent,</span> <span class='ocrx_word' id='word_1_121' title='bbox 519 1147 743 1204; x_wconf 82' lang='lat' dir='ltr'>interfuit,</span> <span class='ocrx_word' id='word_1_122' title='bbox 785 1157 883 1193; x_wconf 89' lang='lat' dir='ltr'>tum</span> <span class='ocrx_word' id='word_1_123' title='bbox 915 1146 1015 1193; x_wconf 86' lang='lat' dir='ltr'>illas</span> <span class='ocrx_word' id='word_1_124' title='bbox 1048 1145 1170 1203; x_wconf 82' lang='lat' dir='ltr'>dico,</span> <span class='ocrx_word' id='word_1_125' title='bbox 1207 1163 1311 1193; x_wconf 86' lang='lat' dir='ltr'>cum</span> <span class='ocrx_word' id='word_1_126' title='bbox 1344 1149 1463 1194; x_wconf 77' lang='lat' dir='ltr'>cives</span> <span class='ocrx_word' id='word_1_127' title='bbox 1494 1156 1639 1193; x_wconf 87' lang='lat' dir='ltr'>aetate</span> <span class='ocrx_word' id='word_1_128' title='bbox 1670 1146 1920 1193; x_wconf 87' lang='lat' dir='ltr'>secundum</span> <span class='ocrx_word' id='word_1_129' title='bbox 1957 1164 2209 1212; x_wconf 86' lang='lat' dir='ltr'>eponymos</span> <span class='ocrx_word' id='word_1_130' title='bbox 2243 1147 2321 1195; x_wconf 90' lang='lat' dir='ltr'>de-</span> 
     </span>
     <span class='ocr_line' id='line_1_15' title="bbox 364 1224 2323 1289; baseline -0.002 -16"><span class='ocrx_word' id='word_1_131' title='bbox 364 1228 526 1273; x_wconf 87' lang='lat' dir='ltr'>stinata</span> <span class='ocrx_word' id='word_1_132' title='bbox 557 1225 785 1289; x_wconf 85' lang='lat' dir='ltr'>proficisci</span> <span class='ocrx_word' id='word_1_133' title='bbox 816 1226 1099 1281; x_wconf 88' lang='lat' dir='ltr'>iuberentur,</span> <span class='ocrx_word' id='word_1_134' title='bbox 1133 1234 1233 1271; x_wconf 89' lang='lat' dir='ltr'>tum</span> <span class='ocrx_word' id='word_1_135' title='bbox 1266 1226 1389 1282; x_wconf 85' lang='lat' dir='ltr'>alias,</span> <span class='ocrx_word' id='word_1_136' title='bbox 1427 1224 1612 1288; x_wconf 85' lang='lat' dir='ltr'>quando</span> <span class='ocrx_word' id='word_1_137' title='bbox 1638 1226 1823 1288; x_wconf 86' lang='lat' dir='ltr'>singulis</span> <span class='ocrx_word' id='word_1_138' title='bbox 1850 1236 1902 1271; x_wconf 83' lang='lat' dir='ltr'>ut</span> <span class='ocrx_word' id='word_1_139' title='bbox 1926 1225 2323 1288; x_wconf 83' lang='lat' dir='ltr'>proficiscerentur</span> 
     </span>
     <span class='ocr_line' id='line_1_16' title="bbox 365 1302 2323 1368; baseline 0 -17"><span class='ocrx_word' id='word_1_140' title='bbox 365 1305 566 1352; x_wconf 84' lang='lat' dir='ltr'>eveniret</span> <span class='ocrx_word' id='word_1_141' title='bbox 606 1304 712 1364; x_wconf 84' lang='lat'>(³³).</span> <span class='ocrx_word' id='word_1_142' title='bbox 775 1304 845 1348; x_wconf 86' lang='lat' dir='ltr'>Ex</span> <span class='ocrx_word' id='word_1_143' title='bbox 885 1304 1138 1349; x_wconf 86' lang='lat' dir='ltr'>minoribus</span> <span class='ocrx_word' id='word_1_144' title='bbox 1178 1303 1267 1349; x_wconf 87' lang='lat' dir='ltr'>illis</span> <span class='ocrx_word' id='word_1_145' title='bbox 1311 1302 1676 1368; x_wconf 83' lang='lat' dir='ltr'>expeditionibus</span> <span class='ocrx_word' id='word_1_146' title='bbox 1716 1306 1912 1368; x_wconf 88' lang='lat' dir='ltr'>primam</span> <span class='ocrx_word' id='word_1_147' title='bbox 1950 1306 2323 1352; x_wconf 84' lang='lat' dir='ltr'>commemoravit</span> 
     </span>
     <span class='ocr_line' id='line_1_17' title="bbox 363 1381 2323 1446; baseline -0.001 -17"><span class='ocrx_word' id='word_1_148' title='bbox 363 1383 612 1430; x_wconf 89' lang='lat' dir='ltr'>Aeschines</span> <span class='ocrx_word' id='word_1_149' title='bbox 643 1399 759 1439; x_wconf 88' lang='lat' dir='ltr'>eam,</span> <span class='ocrx_word' id='word_1_150' title='bbox 796 1398 913 1445; x_wconf 85' lang='lat' dir='ltr'>quae</span> <span class='ocrx_word' id='word_1_151' title='bbox 946 1384 1003 1427; x_wconf 91' lang='lat' dir='ltr'>ab</span> <span class='ocrx_word' id='word_1_152' title='bbox 1027 1382 1381 1427; x_wconf 88' lang='lat' dir='ltr'>Atheniensibus</span> <span class='ocrx_word' id='word_1_153' title='bbox 1408 1383 1575 1427; x_wconf 87' lang='lat' dir='ltr'>auxilio</span> <span class='ocrx_word' id='word_1_154' title='bbox 1603 1381 1812 1427; x_wconf 80' lang='lat' dir='ltr'>Phliasiis</span> <span class='ocrx_word' id='word_1_155' title='bbox 1839 1382 1955 1427; x_wconf 87' lang='lat' dir='ltr'>facta</span> <span class='ocrx_word' id='word_1_156' title='bbox 1980 1392 2091 1446; x_wconf 80' lang='lat' dir='ltr'>erat.</span> <span class='ocrx_word' id='word_1_157' title='bbox 2135 1381 2323 1428; x_wconf 88' lang='lat' dir='ltr'>Phliasii</span> 
     </span>
     <span class='ocr_line' id='line_1_18' title="bbox 365 1459 2321 1524; baseline -0.002 -16"><span class='ocrx_word' id='word_1_158' title='bbox 365 1464 511 1518; x_wconf 87' lang='lat' dir='ltr'>enim,</span> <span class='ocrx_word' id='word_1_159' title='bbox 556 1463 658 1524; x_wconf 88' lang='lat' dir='ltr'>qui,</span> <span class='ocrx_word' id='word_1_160' title='bbox 700 1462 877 1507; x_wconf 86' lang='lat' dir='ltr'>tametsi</span> <span class='ocrx_word' id='word_1_161' title='bbox 913 1469 1017 1522; x_wconf 87' lang='lat' dir='ltr'>post</span> <span class='ocrx_word' id='word_1_162' title='bbox 1050 1459 1337 1506; x_wconf 86' lang='lat' dir='ltr'>Leuctricam</span> <span class='ocrx_word' id='word_1_163' title='bbox 1374 1477 1574 1523; x_wconf 84' lang='lat' dir='ltr'>pugnam</span> <span class='ocrx_word' id='word_1_164' title='bbox 1606 1459 1932 1523; x_wconf 86' lang='lat' dir='ltr'>Peloponnesii</span> <span class='ocrx_word' id='word_1_165' title='bbox 1972 1460 2068 1505; x_wconf 87' lang='lat' dir='ltr'>fere</span> <span class='ocrx_word' id='word_1_166' title='bbox 2108 1476 2263 1505; x_wconf 88' lang='lat' dir='ltr'>omnes</span> <span class='ocrx_word' id='word_1_167' title='bbox 2295 1476 2321 1504; x_wconf 87' lang='lat' dir='ltr'>a</span> 
     </span>
    </p>
   </div>
   <div class='ocr_carea' id='block_1_3' title="bbox 415 1662 1048 1793">
    <p class='ocr_par' dir='ltr' id='par_1_3' title="bbox 415 1662 1048 1793">
     <span class='ocr_line' id='line_1_19' title="bbox 416 1662 1048 1719; baseline -0.027 -2"><span class='ocrx_word' id='word_1_168' title='bbox 416 1667 486 1717; x_wconf 69' lang='lat'><em>(³¹)</em></span> <span class='ocrx_word' id='word_1_169' title='bbox 525 1667 655 1705; x_wconf 83' lang='lat' dir='ltr'>Aesch.</span> <span class='ocrx_word' id='word_1_170' title='bbox 682 1662 757 1717; x_wconf 68' lang='grc' dir='ltr'>περὶ</span> <span class='ocrx_word' id='word_1_171' title='bbox 783 1662 915 1719; x_wconf 55' lang='lat' dir='ltr'>nese-[3.</span> <span class='ocrx_word' id='word_1_172' title='bbox 942 1665 1048 1716; x_wconf 86' lang='lat' dir='ltr'>p.50.</span> 
     </span>
     <span class='ocr_line' id='line_1_20' title="bbox 415 1739 1038 1793; baseline -0.014 -11"><span class='ocrx_word' id='word_1_173' title='bbox 415 1741 486 1791; x_wconf 82' lang='lat'>(³²)</span> <span class='ocrx_word' id='word_1_174' title='bbox 525 1741 632 1779; x_wconf 86' lang='lat' dir='ltr'>Dem.</span> <span class='ocrx_word' id='word_1_175' title='bbox 660 1755 698 1776; x_wconf 85' lang='grc' dir='ltr'>π.</span> <span class='ocrx_word' id='word_1_176' title='bbox 725 1755 879 1793; x_wconf 85' lang='grc' dir='ltr'>παραπρ.</span> <span class='ocrx_word' id='word_1_177' title='bbox 905 1739 1038 1790; x_wconf 86' lang='lat' dir='ltr'>p.375.</span> 
     </span>
    </p>
   </div>
   <div class='ocr_carea' id='block_1_4' title="bbox 363 1807 2324 2919">
    <p class='ocr_par' dir='ltr' id='par_1_4' title="bbox 363 1807 2324 2919">
     <span class='ocr_line' id='line_1_21' title="bbox 415 1807 2323 1866; baseline 0.001 -16"><span class='ocrx_word' id='word_1_178' title='bbox 415 1813 486 1864; x_wconf 59' lang='lat'>0³)</span> <span class='ocrx_word' id='word_1_179' title='bbox 524 1815 644 1852; x_wconf 92' lang='lat' dir='ltr'>Locus</span> <span class='ocrx_word' id='word_1_180' title='bbox 671 1821 725 1851; x_wconf 87' lang='lat' dir='ltr'>est</span> <span class='ocrx_word' id='word_1_181' title='bbox 749 1812 938 1850; x_wconf 82' lang='lat' dir='ltr'>Aeschinis</span> <span class='ocrx_word' id='word_1_182' title='bbox 963 1827 1039 1866; x_wconf 85' lang='grc' dir='ltr'>περι</span> <span class='ocrx_word' id='word_1_183' title='bbox 1056 1808 1189 1865; x_wconf 70' lang='grc' dir='ltr'>πρεσβ.</span> <span class='ocrx_word' id='word_1_184' title='bbox 1213 1826 1247 1862; x_wconf 88' lang='lat' dir='ltr'>p.</span> <span class='ocrx_word' id='word_1_185' title='bbox 1239 1812 1317 1849; x_wconf 90' lang='grc'>,50</span> <span class='ocrx_word' id='word_1_186' title='bbox 1325 1812 1392 1850; x_wconf 89' lang='grc'>34·</span> <span class='ocrx_word' id='word_1_187' title='bbox 1418 1828 1478 1849; x_wconf 81' lang='grc' dir='ltr'>και</span> <span class='ocrx_word' id='word_1_188' title='bbox 1504 1827 1569 1851; x_wconf 77' lang='grc' dir='ltr'>τας</span> <span class='ocrx_word' id='word_1_189' title='bbox 1594 1807 1712 1852; x_wconf 87' lang='grc' dir='ltr'>αλλας</span> <span class='ocrx_word' id='word_1_190' title='bbox 1737 1828 1803 1852; x_wconf 83' lang='grc' dir='ltr'>τας</span> <span class='ocrx_word' id='word_1_191' title='bbox 1819 1813 1857 1850; x_wconf 79' lang='grc' dir='ltr'>ἐκ</span> <span class='ocrx_word' id='word_1_192' title='bbox 1876 1810 2054 1862; x_wconf 71' lang='grc' dir='ltr'>διαδοχῆς</span> <span class='ocrx_word' id='word_1_193' title='bbox 2072 1809 2231 1865; x_wconf 73' lang='grc' dir='ltr'>ἐξόδους,</span> <span class='ocrx_word' id='word_1_194' title='bbox 2255 1829 2323 1852; x_wconf 83' lang='grc' dir='ltr'>τας</span> 
     </span>
     <span class='ocr_line' id='line_1_22' title="bbox 364 1870 2320 1928; baseline -0.003 -12"><span class='ocrx_word' id='word_1_195' title='bbox 364 1879 398 1916; x_wconf 75' lang='grc' dir='ltr'>ἐν</span> <span class='ocrx_word' id='word_1_196' title='bbox 423 1881 495 1918; x_wconf 78' lang='grc' dir='ltr'>τοῖς</span> <span class='ocrx_word' id='word_1_197' title='bbox 527 1871 717 1919; x_wconf 72' lang='grc' dir='ltr'>ἐπωνύμοις</span> <span class='ocrx_word' id='word_1_198' title='bbox 747 1891 807 1912; x_wconf 84' lang='grc' dir='ltr'>και</span> <span class='ocrx_word' id='word_1_199' title='bbox 840 1878 910 1915; x_wconf 77' lang='grc' dir='ltr'>τοῖς</span> <span class='ocrx_word' id='word_1_200' title='bbox 939 1870 1075 1928; x_wconf 70' lang='grc' dir='ltr'>μέρεα-ιν</span> <span class='ocrx_word' id='word_1_201' title='bbox 1105 1873 1276 1925; x_wconf 65' lang='grc' dir='ltr'>ἐξῆλθον.</span> <span class='ocrx_word' id='word_1_202' title='bbox 1310 1894 1360 1903; x_wconf 91' lang='grc'>-</span> <span class='ocrx_word' id='word_1_203' title='bbox 1394 1875 1453 1912; x_wconf 89' lang='lat' dir='ltr'>De</span> <span class='ocrx_word' id='word_1_204' title='bbox 1480 1876 1669 1926; x_wconf 83' lang='lat' dir='ltr'>eponymis</span> <span class='ocrx_word' id='word_1_205' title='bbox 1699 1875 1754 1913; x_wconf 73' lang='lat' dir='ltr'>his</span> <span class='ocrx_word' id='word_1_206' title='bbox 1780 1876 1853 1913; x_wconf 86' lang='lat' dir='ltr'>vid.</span> <span class='ocrx_word' id='word_1_207' title='bbox 1880 1876 2059 1924; x_wconf 85' lang='lat' dir='ltr'>H.arpocr</span> <span class='ocrx_word' id='word_1_208' title='bbox 2085 1890 2113 1913; x_wconf 89' lang='lat' dir='ltr'>s.</span> <span class='ocrx_word' id='word_1_209' title='bbox 2129 1890 2162 1913; x_wconf 91' lang='lat' dir='ltr'>v.</span> <span class='ocrx_word' id='word_1_210' title='bbox 2190 1871 2320 1911; x_wconf 83' lang='grc' dir='ltr'>ἐπωνυ-</span> 
     </span>
     <span class='ocr_line' id='line_1_23' title="bbox 363 1931 2321 1992; baseline -0.002 -15"><span class='ocrx_word' id='word_1_211' title='bbox 363 1956 427 1985; x_wconf 86' lang='grc' dir='ltr'>μος</span> <span class='ocrx_word' id='word_1_212' title='bbox 462 1948 499 1978; x_wconf 83' lang='lat' dir='ltr'>et</span> <span class='ocrx_word' id='word_1_213' title='bbox 532 1935 712 1992; x_wconf 67' lang='grc' dir='ltr'>στρατείας</span> <span class='ocrx_word' id='word_1_214' title='bbox 746 1932 811 1974; x_wconf 83' lang='grc' dir='ltr'>εἷο-ι</span> <span class='ocrx_word' id='word_1_215' title='bbox 846 1935 917 1989; x_wconf 66' lang='grc' dir='ltr'>γάρ</span> <span class='ocrx_word' id='word_1_216' title='bbox 950 1932 1117 1979; x_wconf 83' lang='grc' dir='ltr'>ε’πωνυμοι</span> <span class='ocrx_word' id='word_1_217' title='bbox 1151 1931 1236 1973; x_wconf 68' lang='grc' dir='ltr'>δέκα</span> <span class='ocrx_word' id='word_1_218' title='bbox 1262 1951 1322 1979; x_wconf 79' lang='grc' dir='ltr'>μεν</span> <span class='ocrx_word' id='word_1_219' title='bbox 1349 1938 1378 1973; x_wconf 78' lang='grc' dir='ltr'>οἷ</span> <span class='ocrx_word' id='word_1_220' title='bbox 1404 1939 1471 1973; x_wconf 70' lang='grc' dir='ltr'>τῶν</span> <span class='ocrx_word' id='word_1_221' title='bbox 1498 1939 1634 1984; x_wconf 81' lang='grc' dir='ltr'>φυλων,</span> <span class='ocrx_word' id='word_1_222' title='bbox 1668 1932 1731 1973; x_wconf 65' lang='grc' dir='ltr'>δύο</span> <span class='ocrx_word' id='word_1_223' title='bbox 1760 1933 1798 1976; x_wconf 72' lang='grc' dir='ltr'>δὲ</span> <span class='ocrx_word' id='word_1_224' title='bbox 1823 1953 1884 1973; x_wconf 81' lang='grc' dir='ltr'>και</span> <span class='ocrx_word' id='word_1_225' title='bbox 1907 1932 2172 1989; x_wconf 70' lang='grc' dir='ltr'>τεσσαράκοντα</span> <span class='ocrx_word' id='word_1_226' title='bbox 2200 1939 2228 1974; x_wconf 79' lang='grc' dir='ltr'>οἱ</span> <span class='ocrx_word' id='word_1_227' title='bbox 2254 1940 2321 1973; x_wconf 70' lang='grc' dir='ltr'>τῶν</span> 
     </span>
     <span class='ocr_line' id='line_1_24' title="bbox 363 1994 2322 2074; baseline -0.002 -35"><span class='ocrx_word' id='word_1_228' title='bbox 363 2004 501 2046; x_wconf 73' lang='grc' dir='ltr'>γλικιῶν</span> <span class='ocrx_word' id='word_1_229' title='bbox 528 2028 537 2037; x_wconf 94' lang='grc'><strong>.</strong></span> <span class='ocrx_word' id='word_1_230' title='bbox 552 2027 561 2036; x_wconf 89' lang='grc'><strong>.</strong></span> <span class='ocrx_word' id='word_1_231' title='bbox 576 2015 769 2074; x_wconf 75' lang='grc' dir='ltr'>,χρωνται</span> <span class='ocrx_word' id='word_1_232' title='bbox 797 1994 836 2036; x_wconf 82' lang='grc' dir='ltr'>δὲ</span> <span class='ocrx_word' id='word_1_233' title='bbox 861 2002 932 2038; x_wconf 73' lang='grc' dir='ltr'>τοῖς</span> <span class='ocrx_word' id='word_1_234' title='bbox 957 1994 1145 2041; x_wconf 80' lang='grc' dir='ltr'><strong><em>ἐπωνύμοις</em></strong></span> <span class='ocrx_word' id='word_1_235' title='bbox 1169 1994 1228 2034; x_wconf 72' lang='grc' dir='ltr'>καὶ</span> <span class='ocrx_word' id='word_1_236' title='bbox 1254 1996 1338 2051; x_wconf 74' lang='grc' dir='ltr'>πρὸς</span> <span class='ocrx_word' id='word_1_237' title='bbox 1364 1996 1430 2038; x_wconf 70' lang='grc' dir='ltr'>τὰς</span> <span class='ocrx_word' id='word_1_238' title='bbox 1455 1994 1651 2051; x_wconf 74' lang='grc' dir='ltr'>στρατείας,</span> <span class='ocrx_word' id='word_1_239' title='bbox 1674 2014 1733 2035; x_wconf 82' lang='grc' dir='ltr'>και</span> <span class='ocrx_word' id='word_1_240' title='bbox 1752 2015 1834 2036; x_wconf 85' lang='grc' dir='ltr'>οταν</span> <span class='ocrx_word' id='word_1_241' title='bbox 1850 1996 1985 2043; x_wconf 71' lang='grc' dir='ltr'>ηλικίαν</span> <span class='ocrx_word' id='word_1_242' title='bbox 2002 1994 2214 2067; x_wconf 76' lang='grc' dir='ltr'>ἐκπέμπωσι,</span> <span class='ocrx_word' id='word_1_243' title='bbox 2239 2014 2322 2053; x_wconf 88' lang='grc' dir='ltr'>προ-</span> 
     </span>
     <span class='ocr_line' id='line_1_25' title="bbox 363 2053 2320 2134; baseline -0.003 -34"><span class='ocrx_word' id='word_1_244' title='bbox 363 2060 564 2118; x_wconf 61' lang='grc' dir='ltr'>γράφουσιν</span> <span class='ocrx_word' id='word_1_245' title='bbox 590 2060 661 2099; x_wconf 77' lang='grc' dir='ltr'>ἀπὸ</span> <span class='ocrx_word' id='word_1_246' title='bbox 688 2057 777 2100; x_wconf 73' lang='grc' dir='ltr'>τίνος</span> <span class='ocrx_word' id='word_1_247' title='bbox 802 2055 978 2114; x_wconf 70' lang='grc' dir='ltr'>ἄρχοντος</span> <span class='ocrx_word' id='word_1_248' title='bbox 1003 2055 1182 2103; x_wconf 75' lang='grc' dir='ltr'>ἐπωνύμου</span> <span class='ocrx_word' id='word_1_249' title='bbox 1209 2053 1315 2112; x_wconf 73' lang='grc' dir='ltr'>μέχρι</span> <span class='ocrx_word' id='word_1_250' title='bbox 1341 2056 1429 2099; x_wconf 74' lang='grc' dir='ltr'>τίνος</span> <span class='ocrx_word' id='word_1_251' title='bbox 1455 2058 1512 2097; x_wconf 81' lang='grc' dir='ltr'>δεῖ</span> <span class='ocrx_word' id='word_1_252' title='bbox 1533 2055 1807 2134; x_wconf 63' lang='grc' dir='ltr'>στρατεύεσθαι.</span> <span class='ocrx_word' id='word_1_253' title='bbox 1841 2081 1890 2089; x_wconf 91' lang='grc'>-</span> <span class='ocrx_word' id='word_1_254' title='bbox 1923 2077 1942 2104; x_wconf 83' lang='grc' dir='ltr'>η</span> <span class='ocrx_word' id='word_1_255' title='bbox 1970 2061 2004 2096; x_wconf 83' lang='grc' dir='ltr'>ἐν</span> <span class='ocrx_word' id='word_1_256' title='bbox 2030 2076 2100 2099; x_wconf 79' lang='grc' dir='ltr'>τοις</span> <span class='ocrx_word' id='word_1_257' title='bbox 2125 2056 2238 2112; x_wconf 77' lang='grc' dir='ltr'>μέρεσι</span> <span class='ocrx_word' id='word_1_258' title='bbox 2264 2073 2320 2109; x_wconf 83' lang='lat' dir='ltr'>ap.</span> 
     </span>
     <span class='ocr_line' id='line_1_26' title="bbox 363 2116 2321 2175; baseline -0.002 -13"><span class='ocrx_word' id='word_1_259' title='bbox 363 2127 471 2163; x_wconf 85' lang='lat' dir='ltr'>Bekk.</span> <span class='ocrx_word' id='word_1_260' title='bbox 498 2124 622 2161; x_wconf 87' lang='lat' dir='ltr'>anecd.</span> <span class='ocrx_word' id='word_1_261' title='bbox 649 2124 736 2159; x_wconf 83' lang='lat'>251.</span> <span class='ocrx_word' id='word_1_262' title='bbox 752 2123 827 2159; x_wconf 89' lang='grc'>308</span> <span class='ocrx_word' id='word_1_263' title='bbox 856 2130 893 2159; x_wconf 88' lang='lat' dir='ltr'>et</span> <span class='ocrx_word' id='word_1_264' title='bbox 918 2135 974 2173; x_wconf 89' lang='lat' dir='ltr'>ap.</span> <span class='ocrx_word' id='word_1_265' title='bbox 1001 2123 1102 2159; x_wconf 89' lang='lat' dir='ltr'>Suid.</span> <span class='ocrx_word' id='word_1_266' title='bbox 1129 2136 1163 2160; x_wconf 90' lang='lat' dir='ltr'>v.</span> <span class='ocrx_word' id='word_1_267' title='bbox 1196 2117 1361 2175; x_wconf 65' lang='grc' dir='ltr'>τερθρεῖα</span> <span class='ocrx_word' id='word_1_268' title='bbox 1395 2121 1545 2160; x_wconf 87' lang='lat' dir='ltr'>obscure</span> <span class='ocrx_word' id='word_1_269' title='bbox 1578 2121 1614 2159; x_wconf 85' lang='grc' dir='ltr'>ἓν</span> <span class='ocrx_word' id='word_1_270' title='bbox 1638 2116 1752 2175; x_wconf 68' lang='grc' dir='ltr'>με’ρετι</span> <span class='ocrx_word' id='word_1_271' title='bbox 1778 2123 1849 2162; x_wconf 77' lang='grc' dir='ltr'>τοῖς</span> <span class='ocrx_word' id='word_1_272' title='bbox 1875 2116 2069 2161; x_wconf 74' lang='grc' dir='ltr'>ακινδόνοις</span> <span class='ocrx_word' id='word_1_273' title='bbox 2094 2123 2155 2166; x_wconf 71' lang='grc' dir='ltr'>τῆς</span> <span class='ocrx_word' id='word_1_274' title='bbox 2181 2137 2321 2171; x_wconf 75' lang='grc' dir='ltr'>μαχης,</span> 
     </span>
     <span class='ocr_line' id='line_1_27' title="bbox 365 2184 2323 2238; baseline -0.003 -13"><span class='ocrx_word' id='word_1_275' title='bbox 365 2189 561 2238; x_wconf 86' lang='lat' dir='ltr'>explicatur</span> <span class='ocrx_word' id='word_1_276' title='bbox 593 2199 613 2222; x_wconf 93' lang='lat' dir='ltr'>a</span> <span class='ocrx_word' id='word_1_277' title='bbox 644 2186 830 2223; x_wconf 86' lang='lat' dir='ltr'>Boeckhio</span> <span class='ocrx_word' id='word_1_278' title='bbox 863 2186 902 2222; x_wconf 90' lang='lat' dir='ltr'>in</span> <span class='ocrx_word' id='word_1_279' title='bbox 928 2186 1001 2221; x_wconf 89' lang='lat' dir='ltr'>ind.</span> <span class='ocrx_word' id='word_1_280' title='bbox 1029 2185 1113 2221; x_wconf 89' lang='lat' dir='ltr'>lect.</span> <span class='ocrx_word' id='word_1_281' title='bbox 1139 2185 1213 2220; x_wconf 84' lang='lat' dir='ltr'>hib.</span> <span class='ocrx_word' id='word_1_282' title='bbox 1242 2185 1368 2220; x_wconf 88' lang='lat'><strong>1819-</strong></span> <span class='ocrx_word' id='word_1_283' title='bbox 1378 2185 1428 2220; x_wconf 82' lang='lat'>20</span> <span class='ocrx_word' id='word_1_284' title='bbox 1454 2198 1489 2232; x_wconf 94' lang='lat' dir='ltr'>p.</span> <span class='ocrx_word' id='word_1_285' title='bbox 1481 2184 1521 2219; x_wconf 87' lang='lat'>.7</span> <span class='ocrx_word' id='word_1_286' title='bbox 1540 2198 1593 2232; x_wconf 85' lang='lat' dir='ltr'>sq.</span> <span class='ocrx_word' id='word_1_287' title='bbox 1626 2185 1739 2230; x_wconf 82' lang='lat' dir='ltr'>„ina‚</span> <span class='ocrx_word' id='word_1_288' title='bbox 1773 2197 1842 2233; x_wconf 90' lang='lat' dir='ltr'>qua</span> <span class='ocrx_word' id='word_1_289' title='bbox 1868 2197 1941 2220; x_wconf 91' lang='lat' dir='ltr'>non</span> <span class='ocrx_word' id='word_1_290' title='bbox 1968 2184 2109 2235; x_wconf 83' lang='lat' dir='ltr'>integra</span> <span class='ocrx_word' id='word_1_291' title='bbox 2134 2184 2236 2220; x_wconf 85' lang='lat' dir='ltr'>unius</span> <span class='ocrx_word' id='word_1_292' title='bbox 2263 2191 2323 2227; x_wconf 78' lang='lat' dir='ltr'>aut</span> 
     </span>
     <span class='ocr_line' id='line_1_28' title="bbox 365 2245 2321 2301; baseline -0.003 -15"><span class='ocrx_word' id='word_1_293' title='bbox 365 2249 521 2301; x_wconf 77' lang='lat' dir='ltr'>plurium</span> <span class='ocrx_word' id='word_1_294' title='bbox 553 2259 728 2285; x_wconf 86' lang='lat' dir='ltr'>annorum</span> <span class='ocrx_word' id='word_1_295' title='bbox 759 2259 900 2293; x_wconf 84' lang='lat' dir='ltr'>manus,</span> <span class='ocrx_word' id='word_1_296' title='bbox 932 2245 996 2283; x_wconf 84' lang='lat' dir='ltr'>sed</span> <span class='ocrx_word' id='word_1_297' title='bbox 1028 2245 1161 2284; x_wconf 87' lang='lat' dir='ltr'>delecti</span> <span class='ocrx_word' id='word_1_298' title='bbox 1194 2245 1343 2283; x_wconf 79' lang='lat' dir='ltr'>maxime</span> <span class='ocrx_word' id='word_1_299' title='bbox 1375 2259 1419 2282; x_wconf 90' lang='lat' dir='ltr'>ex</span> <span class='ocrx_word' id='word_1_300' title='bbox 1445 2245 1648 2283; x_wconf 86' lang='lat' dir='ltr'>iunioribus</span> <span class='ocrx_word' id='word_1_301' title='bbox 1669 2246 1767 2295; x_wconf 82' lang='lat' dir='ltr'>quasi</span> <span class='ocrx_word' id='word_1_302' title='bbox 1799 2246 1973 2282; x_wconf 87' lang='lat' dir='ltr'>vexillarii</span> <span class='ocrx_word' id='word_1_303' title='bbox 2001 2246 2250 2281; x_wconf 85' lang='lat' dir='ltr'>emitterentur</span> <span class='ocrx_word' id='word_1_304' title='bbox 2276 2245 2321 2280; x_wconf 86' lang='lat' dir='ltr'>ad</span> 
     </span>
     <span class='ocr_line' id='line_1_29' title="bbox 365 2300 2321 2362; baseline -0.003 -15"><span class='ocrx_word' id='word_1_305' title='bbox 365 2323 513 2362; x_wconf 85' lang='lat' dir='ltr'>pompas</span> <span class='ocrx_word' id='word_1_306' title='bbox 547 2309 770 2345; x_wconf 86' lang='lat' dir='ltr'>deducendas</span> <span class='ocrx_word' id='word_1_307' title='bbox 797 2321 837 2345; x_wconf 86' lang='lat' dir='ltr'>ac</span> <span class='ocrx_word' id='word_1_308' title='bbox 864 2307 1090 2345; x_wconf 82' lang='lat' dir='ltr'>velitationes</span> <span class='ocrx_word' id='word_1_309' title='bbox 1124 2314 1161 2344; x_wconf 86' lang='lat' dir='ltr'>et</span> <span class='ocrx_word' id='word_1_310' title='bbox 1187 2307 1224 2343; x_wconf 88' lang='lat' dir='ltr'>in</span> <span class='ocrx_word' id='word_1_311' title='bbox 1257 2306 1427 2344; x_wconf 86' lang='lat' dir='ltr'>stationes</span> <span class='ocrx_word' id='word_1_312' title='bbox 1453 2307 1566 2345; x_wconf 90' lang='lat' dir='ltr'>minus</span> <span class='ocrx_word' id='word_1_313' title='bbox 1593 2306 1847 2357; x_wconf 84' lang='lat' dir='ltr'>per1cu10sas‘&#39;</span> <span class='ocrx_word' id='word_1_314' title='bbox 1900 2305 2066 2356; x_wconf 79' lang='lat' dir='ltr'>Itaque’</span> <span class='ocrx_word' id='word_1_315' title='bbox 2051 2321 2085 2342; x_wconf 82' lang='grc' dir='ltr'>εν</span> <span class='ocrx_word' id='word_1_316' title='bbox 2111 2307 2182 2344; x_wconf 77' lang='grc' dir='ltr'>τοῖς</span> <span class='ocrx_word' id='word_1_317' title='bbox 2207 2300 2321 2357; x_wconf 76' lang='grc' dir='ltr'>μέρεα-ι</span> 
     </span>
     <span class='ocr_line' id='line_1_30' title="bbox 364 2367 2321 2424; baseline -0.004 -13"><span class='ocrx_word' id='word_1_318' title='bbox 364 2373 559 2424; x_wconf 86' lang='lat' dir='ltr'>expeditio,</span> <span class='ocrx_word' id='word_1_319' title='bbox 585 2378 625 2408; x_wconf 92' lang='lat' dir='ltr'>ut</span> <span class='ocrx_word' id='word_1_320' title='bbox 650 2370 743 2407; x_wconf 81' lang='lat' dir='ltr'>mihi</span> <span class='ocrx_word' id='word_1_321' title='bbox 763 2371 918 2416; x_wconf 86' lang='lat' dir='ltr'>videtur,</span> <span class='ocrx_word' id='word_1_322' title='bbox 942 2370 1022 2407; x_wconf 86' lang='lat' dir='ltr'>talis</span> <span class='ocrx_word' id='word_1_323' title='bbox 1049 2376 1116 2416; x_wconf 85' lang='lat' dir='ltr'>est,</span> <span class='ocrx_word' id='word_1_324' title='bbox 1142 2369 1283 2418; x_wconf 76' lang='lat' dir='ltr'>qualem</span> <span class='ocrx_word' id='word_1_325' title='bbox 1310 2368 1433 2405; x_wconf 88' lang='lat' dir='ltr'>Schol.</span> <span class='ocrx_word' id='word_1_326' title='bbox 1458 2368 1552 2419; x_wconf 85' lang='lat' dir='ltr'>Aug.</span> <span class='ocrx_word' id='word_1_327' title='bbox 1579 2369 1623 2405; x_wconf 88' lang='lat' dir='ltr'>ad</span> <span class='ocrx_word' id='word_1_328' title='bbox 1648 2369 1756 2406; x_wconf 90' lang='lat' dir='ltr'>Dem.</span> <span class='ocrx_word' id='word_1_329' title='bbox 1784 2370 1837 2418; x_wconf 88' lang='lat' dir='ltr'>(p.</span> <span class='ocrx_word' id='word_1_330' title='bbox 1846 2368 1933 2404; x_wconf 86' lang='lat'>290.</span> <span class='ocrx_word' id='word_1_331' title='bbox 1954 2368 2011 2404; x_wconf 84' lang='lat' dir='ltr'>ed.</span> <span class='ocrx_word' id='word_1_332' title='bbox 2029 2367 2203 2415; x_wconf 88' lang='lat' dir='ltr'>Dobson)</span> <span class='ocrx_word' id='word_1_333' title='bbox 2230 2368 2321 2404; x_wconf 84' lang='lat' dir='ltr'>scri-</span> 
     </span>
     <span class='ocr_line' id='line_1_31' title="bbox 365 2420 2323 2485; baseline -0.004 -13"><span class='ocrx_word' id='word_1_334' title='bbox 365 2436 418 2473; x_wconf 88' lang='lat' dir='ltr'>bit</span> <span class='ocrx_word' id='word_1_335' title='bbox 443 2434 498 2472; x_wconf 86' lang='lat' dir='ltr'>his</span> <span class='ocrx_word' id='word_1_336' title='bbox 522 2432 658 2471; x_wconf 86' lang='lat' dir='ltr'>verbis.</span> <span class='ocrx_word' id='word_1_337' title='bbox 685 2420 862 2485; x_wconf 67' lang='grc' dir='ltr'>Κορίνθιοι</span> <span class='ocrx_word' id='word_1_338' title='bbox 888 2426 1113 2476; x_wconf 78' lang='grc' dir='ltr'><strong>λελυπημένοι</strong></span> <span class='ocrx_word' id='word_1_339' title='bbox 1138 2429 1217 2467; x_wconf 79' lang='grc' dir='ltr'>κατ’</span> <span class='ocrx_word' id='word_1_340' title='bbox 1241 2425 1443 2475; x_wconf 64' lang='grc' dir='ltr'>Ἀθηναίων</span> <span class='ocrx_word' id='word_1_341' title='bbox 1468 2432 1656 2469; x_wconf 79' lang='grc' dir='ltr'>καλοῦντες</span> <span class='ocrx_word' id='word_1_342' title='bbox 1681 2425 1820 2469; x_wconf 70' lang='grc' dir='ltr'>πάντας</span> <span class='ocrx_word' id='word_1_343' title='bbox 1838 2426 2014 2473; x_wconf 56' lang='grc' dir='ltr'>ς’.Ελληνοες</span> <span class='ocrx_word' id='word_1_344' title='bbox 2039 2430 2087 2468; x_wconf 80' lang='grc' dir='ltr'>εἷς</span> <span class='ocrx_word' id='word_1_345' title='bbox 2102 2444 2149 2465; x_wconf 83' lang='grc' dir='ltr'>τα</span> <span class='ocrx_word' id='word_1_346' title='bbox 2168 2423 2323 2472; x_wconf 63' lang='grc' dir='ltr'>Ἰσθμια</span> 
     </span>
     <span class='ocr_line' id='line_1_32' title="bbox 365 2485 2324 2548; baseline -0.003 -14"><span class='ocrx_word' id='word_1_347' title='bbox 365 2494 474 2546; x_wconf 81' lang='grc' dir='ltr'>(κοινη</span> <span class='ocrx_word' id='word_1_348' title='bbox 509 2512 582 2548; x_wconf 66' lang='grc' dir='ltr'>«γαρ</span> <span class='ocrx_word' id='word_1_349' title='bbox 614 2512 653 2539; x_wconf 91' lang='grc' dir='ltr'>ην</span> <span class='ocrx_word' id='word_1_350' title='bbox 687 2512 706 2538; x_wconf 86' lang='grc' dir='ltr'>η</span> <span class='ocrx_word' id='word_1_351' title='bbox 742 2490 954 2547; x_wconf 63' lang='grc' dir='ltr'>πανήγυρις)</span> <span class='ocrx_word' id='word_1_352' title='bbox 985 2508 1068 2532; x_wconf 84' lang='grc' dir='ltr'>τους</span> <span class='ocrx_word' id='word_1_353' title='bbox 1090 2489 1306 2537; x_wconf 65' lang='grc' dir='ltr'>Ἀθηναίους</span> <span class='ocrx_word' id='word_1_354' title='bbox 1332 2507 1502 2544; x_wconf 79' lang='grc' dir='ltr'>παρηκαν.</span> <span class='ocrx_word' id='word_1_355' title='bbox 1530 2486 1620 2529; x_wconf 72' lang='grc' dir='ltr'>οὗτοι</span> <span class='ocrx_word' id='word_1_356' title='bbox 1647 2491 1694 2531; x_wconf 81' lang='grc' dir='ltr'>ὦς</span> <span class='ocrx_word' id='word_1_357' title='bbox 1718 2485 1958 2533; x_wconf 53' lang='lat' dir='ltr'>Stoa-2352*</span> <span class='ocrx_word' id='word_1_358' title='bbox 1940 2506 2035 2529; x_wconf 81' lang='grc' dir='ltr'>οντες</span> <span class='ocrx_word' id='word_1_359' title='bbox 2062 2486 2231 2534; x_wconf 64' lang='grc' dir='ltr'>ἔπεμψαν</span> <span class='ocrx_word' id='word_1_360' title='bbox 2257 2504 2324 2528; x_wconf 82' lang='grc' dir='ltr'>τας</span> 
     </span>
     <span class='ocr_line' id='line_1_33' title="bbox 364 2547 2322 2608; baseline -0.004 -13"><span class='ocrx_word' id='word_1_361' title='bbox 364 2555 502 2596; x_wconf 65' lang='lat' dir='ltr'>&amp;va-lac</span> <span class='ocrx_word' id='word_1_362' title='bbox 528 2572 615 2599; x_wconf 83' lang='grc' dir='ltr'>μετα</span> <span class='ocrx_word' id='word_1_363' title='bbox 644 2556 803 2598; x_wconf 82' lang='grc' dir='ltr'>ὅπλιτωι,</span> <span class='ocrx_word' id='word_1_364' title='bbox 827 2552 880 2598; x_wconf 71' lang='grc' dir='ltr'>ἶν’,</span> <span class='ocrx_word' id='word_1_365' title='bbox 906 2557 937 2592; x_wconf 80' lang='grc' dir='ltr'>εἰ</span> <span class='ocrx_word' id='word_1_366' title='bbox 961 2551 1129 2606; x_wconf 74' lang='grc' dir='ltr'>δέξωνται</span> <span class='ocrx_word' id='word_1_367' title='bbox 1157 2550 1298 2596; x_wconf 62' lang='lat' dir='ltr'>ada-ove,</span> <span class='ocrx_word' id='word_1_368' title='bbox 1324 2550 1537 2591; x_wconf 73' lang='grc' dir='ltr'>ὖπότπονδοι</span> <span class='ocrx_word' id='word_1_369' title='bbox 1563 2548 1854 2608; x_wconf 58' lang='grc' dir='ltr'>«ἔναυ-τρέφωσιν·</span> <span class='ocrx_word' id='word_1_370' title='bbox 1890 2568 1927 2589; x_wconf 91' lang='grc' dir='ltr'>ου</span> <span class='ocrx_word' id='word_1_371' title='bbox 1957 2568 2028 2606; x_wconf 68' lang='grc' dir='ltr'>γαρ</span> <span class='ocrx_word' id='word_1_372' title='bbox 2053 2548 2108 2588; x_wconf 77' lang='grc' dir='ltr'>ἔπι</span> <span class='ocrx_word' id='word_1_373' title='bbox 2134 2549 2195 2588; x_wconf 75' lang='grc' dir='ltr'>τὸν</span> <span class='ocrx_word' id='word_1_374' title='bbox 2218 2547 2322 2588; x_wconf 76' lang='grc' dir='ltr'>πόλε-</span> 
     </span>
     <span class='ocr_line' id='line_1_34' title="bbox 365 2609 2321 2671; baseline -0.005 -14"><span class='ocrx_word' id='word_1_375' title='bbox 365 2635 427 2663; x_wconf 87' lang='grc' dir='ltr'>μου</span> <span class='ocrx_word' id='word_1_376' title='bbox 453 2614 743 2671; x_wconf 65' lang='grc' dir='ltr'>ἓξεληλυθεσαν·</span> <span class='ocrx_word' id='word_1_377' title='bbox 771 2634 786 2655; x_wconf 87' lang='grc' dir='ltr'>ο</span> <span class='ocrx_word' id='word_1_378' title='bbox 817 2615 857 2662; x_wconf 70' lang='grc' dir='ltr'>δὴ</span> <span class='ocrx_word' id='word_1_379' title='bbox 883 2633 942 2654; x_wconf 79' lang='grc' dir='ltr'>και</span> <span class='ocrx_word' id='word_1_380' title='bbox 969 2632 1166 2666; x_wconf 66' lang='grc' dir='ltr'>γεγενηται.</span> <span class='ocrx_word' id='word_1_381' title='bbox 1193 2631 1336 2669; x_wconf 74' lang='grc' dir='ltr'>ορωντες</span> <span class='ocrx_word' id='word_1_382' title='bbox 1361 2632 1432 2669; x_wconf 70' lang='grc' dir='ltr'>γαρ</span> <span class='ocrx_word' id='word_1_383' title='bbox 1459 2631 1520 2660; x_wconf 82' lang='grc' dir='ltr'>την</span> <span class='ocrx_word' id='word_1_384' title='bbox 1545 2614 1768 2669; x_wconf 70' lang='grc' dir='ltr'>παρασκευὴν</span> <span class='ocrx_word' id='word_1_385' title='bbox 1795 2631 1822 2652; x_wconf 84' lang='grc' dir='ltr'>οι</span> <span class='ocrx_word' id='word_1_386' title='bbox 1841 2612 2016 2667; x_wconf 60' lang='grc' dir='ltr'>Κορίνθιοι</span> <span class='ocrx_word' id='word_1_387' title='bbox 2034 2609 2210 2664; x_wconf 66' lang='grc' dir='ltr'>ἐδέξαντο.</span> <span class='ocrx_word' id='word_1_388' title='bbox 2237 2628 2321 2649; x_wconf 83' lang='grc' dir='ltr'>ανευ</span> 
     </span>
     <span class='ocr_line' id='line_1_35' title="bbox 367 2674 2321 2732; baseline -0.004 -15"><span class='ocrx_word' id='word_1_389' title='bbox 367 2697 426 2719; x_wconf 79' lang='grc' dir='ltr'>ουν</span> <span class='ocrx_word' id='word_1_390' title='bbox 451 2677 561 2717; x_wconf 76' lang='grc' dir='ltr'>πόνων</span> <span class='ocrx_word' id='word_1_391' title='bbox 589 2676 722 2724; x_wconf 72' lang='grc' dir='ltr'>συνέβη</span> <span class='ocrx_word' id='word_1_392' title='bbox 750 2678 981 2732; x_wconf 62' lang='grc' dir='ltr'>κατορθῶσαι</span> <span class='ocrx_word' id='word_1_393' title='bbox 1007 2677 1135 2718; x_wconf 72' lang='grc' dir='ltr'>αὔτοῦς</span> <span class='ocrx_word' id='word_1_394' title='bbox 1160 2681 1262 2715; x_wconf 76' lang='grc' dir='ltr'>τοῦτο</span> <span class='ocrx_word' id='word_1_395' title='bbox 1288 2676 1327 2715; x_wconf 72' lang='grc' dir='ltr'>τὸ</span> <span class='ocrx_word' id='word_1_396' title='bbox 1354 2680 1516 2731; x_wconf 69' lang='grc' dir='ltr'>πρᾶγμα.</span> <span class='ocrx_word' id='word_1_397' title='bbox 1543 2697 1592 2706; x_wconf 91' lang='lat'>-—</span> <span class='ocrx_word' id='word_1_398' title='bbox 1625 2677 1830 2728; x_wconf 79' lang='lat' dir='ltr'>Expeditio‚</span> <span class='ocrx_word' id='word_1_399' title='bbox 1857 2677 1915 2722; x_wconf 69' lang='lat' dir='ltr'>cui</span> <span class='ocrx_word' id='word_1_400' title='bbox 1941 2684 2016 2713; x_wconf 87' lang='lat' dir='ltr'>tum</span> <span class='ocrx_word' id='word_1_401' title='bbox 2041 2675 2237 2712; x_wconf 83' lang='lat' dir='ltr'>Aeschines</span> <span class='ocrx_word' id='word_1_402' title='bbox 2265 2674 2321 2710; x_wconf 91' lang='lat' dir='ltr'>in-</span> 
     </span>
     <span class='ocr_line' id='line_1_36' title="bbox 364 2732 2321 2794; baseline -0.006 -12"><span class='ocrx_word' id='word_1_403' title='bbox 364 2743 490 2782; x_wconf 78' lang='lat' dir='ltr'>terfuit</span> <span class='ocrx_word' id='word_1_404' title='bbox 521 2738 673 2794; x_wconf 82' lang='grc' dir='ltr'>(πρωτην</span> <span class='ocrx_word' id='word_1_405' title='bbox 701 2740 737 2778; x_wconf 89' lang='grc' dir='ltr'>δ’</span> <span class='ocrx_word' id='word_1_406' title='bbox 764 2739 928 2792; x_wconf 64' lang='grc' dir='ltr'>ἔξελὸων</span> <span class='ocrx_word' id='word_1_407' title='bbox 963 2737 1144 2794; x_wconf 71' lang='grc' dir='ltr'>στρατείαν</span> <span class='ocrx_word' id='word_1_408' title='bbox 1175 2739 1235 2784; x_wconf 77' lang='grc' dir='ltr'>τὴν</span> <span class='ocrx_word' id='word_1_409' title='bbox 1261 2741 1296 2777; x_wconf 83' lang='grc' dir='ltr'>ἓν</span> <span class='ocrx_word' id='word_1_410' title='bbox 1322 2742 1393 2778; x_wconf 78' lang='grc' dir='ltr'>τοῖς</span> <span class='ocrx_word' id='word_1_411' title='bbox 1417 2735 1531 2792; x_wconf 69' lang='grc' dir='ltr'>μέρεα-ι</span> <span class='ocrx_word' id='word_1_412' title='bbox 1556 2735 1779 2784; x_wconf 72' lang='grc' dir='ltr'>καλουμένην,</span> <span class='ocrx_word' id='word_1_413' title='bbox 1811 2734 1871 2776; x_wconf 70' lang='grc' dir='ltr'>καὶ</span> <span class='ocrx_word' id='word_1_414' title='bbox 1899 2732 2208 2791; x_wconf 69' lang='grc' dir='ltr'>συμπαραπέμπων</span> <span class='ocrx_word' id='word_1_415' title='bbox 2234 2733 2321 2779; x_wconf 63' lang='grc' dir='ltr'>μετὰ</span> 
     </span>
     <span class='ocr_line' id='line_1_37' title="bbox 364 2796 2320 2855; baseline -0.003 -14"><span class='ocrx_word' id='word_1_416' title='bbox 364 2807 432 2842; x_wconf 71' lang='grc' dir='ltr'>τῶν</span> <span class='ocrx_word' id='word_1_417' title='bbox 458 2804 644 2849; x_wconf 48' lang='lat' dir='ltr'>{hamran</span> <span class='ocrx_word' id='word_1_418' title='bbox 669 2819 727 2840; x_wconf 84' lang='grc' dir='ltr'>και</span> <span class='ocrx_word' id='word_1_419' title='bbox 754 2806 821 2840; x_wconf 72' lang='grc' dir='ltr'>τῶν</span> <span class='ocrx_word' id='word_1_420' title='bbox 845 2798 1079 2845; x_wconf 69' lang='grc' dir='ltr'>Ἀλκιβιάδου</span> <span class='ocrx_word' id='word_1_421' title='bbox 1107 2798 1215 2855; x_wconf 72' lang='grc' dir='ltr'>ξένων</span> <span class='ocrx_word' id='word_1_422' title='bbox 1241 2801 1302 2848; x_wconf 72' lang='grc' dir='ltr'>τὴν</span> <span class='ocrx_word' id='word_1_423' title='bbox 1328 2803 1376 2842; x_wconf 83' lang='grc' dir='ltr'>εἷς</span> <span class='ocrx_word' id='word_1_424' title='bbox 1401 2804 1573 2839; x_wconf 74' lang='grc' dir='ltr'>Φλιοῦντα</span> <span class='ocrx_word' id='word_1_425' title='bbox 1598 2796 1848 2855; x_wconf 60' lang='grc' dir='ltr'>παραπομπήν)</span> <span class='ocrx_word' id='word_1_426' title='bbox 1874 2802 2021 2853; x_wconf 79' lang='lat' dir='ltr'>gravior</span> <span class='ocrx_word' id='word_1_427' title='bbox 2046 2800 2137 2837; x_wconf 83' lang='lat' dir='ltr'>facta</span> <span class='ocrx_word' id='word_1_428' title='bbox 2164 2812 2240 2837; x_wconf 88' lang='lat' dir='ltr'>esse</span> <span class='ocrx_word' id='word_1_429' title='bbox 2265 2799 2320 2836; x_wconf 86' lang='lat' dir='ltr'>vi·-</span> 
     </span>
     <span class='ocr_line' id='line_1_38' title="bbox 366 2859 1865 2919; baseline -0.002 -15"><span class='ocrx_word' id='word_1_430' title='bbox 366 2868 471 2905; x_wconf 84' lang='lat' dir='ltr'>detur</span> <span class='ocrx_word' id='word_1_431' title='bbox 497 2863 671 2914; x_wconf 70' lang='grc' dir='ltr'>(κινδιῖνου</span> <span class='ocrx_word' id='word_1_432' title='bbox 700 2862 907 2909; x_wconf 68' lang='grc' dir='ltr'>συμβάντος</span> <span class='ocrx_word' id='word_1_433' title='bbox 932 2866 1008 2911; x_wconf 67' lang='grc' dir='ltr'>ἡμῖν</span> <span class='ocrx_word' id='word_1_434' title='bbox 1034 2863 1110 2919; x_wconf 66' lang='grc' dir='ltr'>περὶ</span> <span class='ocrx_word' id='word_1_435' title='bbox 1135 2864 1196 2909; x_wconf 67' lang='grc' dir='ltr'>τὴν</span> <span class='ocrx_word' id='word_1_436' title='bbox 1221 2861 1386 2910; x_wconf 70' lang='grc' dir='ltr'>Νεμεάδα</span> <span class='ocrx_word' id='word_1_437' title='bbox 1411 2859 1622 2909; x_wconf 75' lang='grc' dir='ltr'>καλουμένην</span> <span class='ocrx_word' id='word_1_438' title='bbox 1647 2860 1865 2919; x_wconf 71' lang='grc' dir='ltr'>χαράδραν).</span> 
     </span>
    </p>
   </div>
   <div class='ocr_carea' id='block_1_5' title="bbox 2373 2532 2391 2539">
    <p class='ocr_par' dir='ltr' id='par_1_5' title="bbox 2373 2532 2391 2539">
     <span class='ocr_line' id='line_1_39' title="bbox 2373 2532 2391 2539; baseline 0 0"><span class='ocrx_word' id='word_1_439' title='bbox 2373 2532 2391 2539; x_wconf 42' lang='lat' dir='ltr'>s</span> 
     </span>
    </p>
   </div>
  </div>
 </body>
</html>
