2716 3277
1278 98 1314 154 9

316 221 643 281 Demosthenis
682 220 799 267 male
819 229 1079 284 perspecto
1118 218 1234 265 illud
1271 210 1431 283 posuit
1461 220 1568 280 (²⁵).
1627 217 1875 282 Nunquam
1913 229 2066 266 tamen
2096 217 2268 267 Demo·

315 300 498 348 ‘sthenes
532 300 682 363 planis
711 299 862 346 verbis
895 296 1030 355 dixit,
1061 296 1408 361 Aristophontis
1437 312 1546 345 eum
1578 296 1716 342 fuisse
1748 297 1941 342 scribam
1972 297 2047 344 vel
2078 298 2269 355 Eubuli,

320 395 457 443 quam
487 393 603 424 rem
618 387 668 423 ut
699 386 1076 423 commemoraret
1107 375 1302 421 multum
1336 376 1431 421 eius
1463 376 1678 421 interesse
1710 373 1970 438 oportebat.
2024 376 2272 422 Aeschines

316 458 453 520 igitur
491 470 587 501 non
625 457 825 518 privatus
864 454 1010 499 scriba
1047 452 1150 498 fuit.
1208 451 1303 498 Sed
1343 468 1447 497 cum
1484 453 1556 497 bis
1589 450 1785 497 eundem
1817 451 1965 498 eidem
1996 455 2271 515 magistratui

317 533 510 578 scribam
534 547 630 578 esse
653 535 840 579 vetitum
858 540 974 577 esset
990 530 1097 591 (²⁶),
1126 527 1247 594 apud
1274 527 1476 577 diversos
1500 531 1780 594 magistratus
1805 530 2030 576 inferioris
2056 530 2150 576 loci
2173 548 2268 578 mu-

315 627 426 659 nere
456 612 629 657 scribae
660 626 746 673 per
775 608 1151 672 singulosannos
1182 608 1373 672 fungens
1399 607 1499 665 fie‘ri
1525 610 1677 673 potuit
1700 618 1752 654 ut
1777 610 1903 671 prius
1927 610 2266 674 Aristophonti,

316 687 482 735 deinde
521 688 706 733 Eubulo
748 685 825 747 (ad
868 702 1005 750 quem
1042 685 1258 753 θεωρικοῖς
1294 684 1605 750 dispensandis
1643 686 1942 749 praefectum,
1988 691 2178 734 maxima
2211 690 2268 735 ab

314 766 669 813 Atheniensibus
714 768 762 812 in
802 781 859 812 eo
905 764 1130 812 collocata
1156 763 1358 820 fiducia,
1412 781 1583 811 summa
1629 765 1908 828 reipublicae
1956 765 2265 813 administran-

315 843 400 890 dae
434 843 581 890 delata
614 847 729 904 erat)
762 843 851 903 (2⁷)
894 844 986 907 sive
1025 858 1050 888 a
1093 842 1271 906 populo
1313 840 1548 888 adiunctus
1587 845 1681 890 sive
1722 843 1780 888 ab
1823 845 1925 906 ipso
1963 843 2148 890 Eubulo
2189 844 2266 890 ad-

314 932 518 984 sumptus
548 921 835 966 utilissimum
866 936 918 965 ac
949 922 1271 983 peritissimum
1297 922 1555 982 operarium
1580 914 1695 966 adeo
1720 935 1768 965 se
1792 922 2050 983 praeberet,
2085 932 2137 967 ut
2161 938 2265 985 per·

312 1009 455 1063 petuo
489 1014 593 1044 eum
625 997 732 1043 inde
765 1000 985 1044 amicitiae
1017 997 1201 1045 vinculo
1234 998 1321 1043 sibi
1354 999 1566 1043 muniret.
1621 996 1802 1043 Deinde
1835 1001 1976 1044 etiam·
2001 997 2268 1065 γραμματειὶς

311 1077 382 1129 τῆς
413 1071 567 1124 πόλεως
599 1077 692 1122 sive
723 1075 795 1128 τῆς
825 1068 983 1129 βουλῆς
1016 1072 1084 1122 καὶ
1113 1075 1184 1120 τοῦ
1215 1069 1340 1131 δήμου
1375 1074 1596 1138 suffragiis
1632 1074 1796 1138 populi
1828 1086 2001 1129 creatus
2032 1093 2117 1140 per
2149 1076 2266 1124 duos

314 1168 456 1199 annos
489 1155 537 1198 in
567 1163 788 1217 prytaneo
822 1155 909 1213 (²⁸)
941 1152 1137 1217 publicis
1170 1153 1375 1199 alebatur
1405 1152 1685 1217 sumptibus;
1728 1154 1855 1199 cuius
1888 1164 1983 1200 erat
2015 1164 2109 1200 acta
2143 1155 2263 1202 litte·

312 1248 440 1277 rasve
472 1232 677 1295 publicas
710 1232 888 1294 populo
920 1234 1186 1294 senatuique
1217 1233 1407 1276 recitare
1440 1232 1545 1291 (²⁹).
1606 1231 1661 1276 In
1694 1246 1788 1293 quo
1820 1247 2004 1277 munere
2037 1235 2264 1296 aptissime

311 1312 380 1355 uti
410 1311 561 1372 potuit
592 1311 743 1354 sonitu
773 1312 898 1355 vocis
926 1309 1070 1354 dulcis
1096 1319 1142 1354 et
1167 1310 1314 1354 clarae
1332 1310 1437 1368 (3⁰),
1472 1325 1607 1371 quam
1629 1325 1654 1353 a
1679 1319 1837 1353 natura
1862 1321 2091 1372 acceptam
2115 1314 2259 1356 sceni-

313 1405 392 1435 cus
417 1385 582 1434 deinde
606 1386 863 1434 excoluerat
883 1397 1026 1434 actor.
1064 1385 1252 1434 Accedit
1274 1386 1398 1450 quod
1417 1403 1443 1433 e
1460 1385 1645 1434 diversis
1663 1389 1854 1450 negotiis
1871 1389 2117 1434 scribarum
2138 1406 2264 1435 suam

312 1466 419 1513 fecit
451 1481 656 1530 magnam
685 1468 733 1512 in
766 1465 929 1513 tabulis
961 1464 1157 1530 publicis
1190 1452 1573 1522 exercitationem,
1607 1475 1861 1512 accuratam
1893 1465 2044 1530 legum
2078 1465 2262 1514 iudicia-

311 1545 424 1589 lium
457 1547 763 1607 cognitionem
796 1554 841 1589 et
869 1546 1007 1589 totius
1039 1546 1086 1589 in
1118 1544 1254 1589 rebus
1283 1543 1540 1589 forensibus
1571 1545 1799 1589 institutae
1832 1546 2036 1589 radonis.

362 1696 431 1747 (²⁵)
469 1693 544 1750 περὶ
572 1707 675 1746 στεφ.
701 1698 831 1748 p.281:
859 1697 937 1735 ἀλλ’
965 1695 1064 1737 εἰδώς
1087 1698 1350 1750 Ἀριστοφῶντα
1375 1693 1434 1734 καὶ
1460 1693 1567 1734 πάλιν
1592 1692 1778 1737 Εὔβουλον
1804 1693 1920 1733 πάντα
1946 1686 2151 1751 τόνιχρόνον
2167 1696 2260 1740 ,Βου-

309 1755 471 1803 λομὲνους
496 1758 631 1813 πρᾶξαι
658 1758 786 1804 ταύτην
812 1757 872 1804 τὴν
899 1756 1019 1808 φιλιάν
1045 1760 1144 1808 (cum
1171 1758 1370 1809 Thebanis)
1398 1787 1407 1796 .
1424 1788 1433 1796 .
1449 1787 1458 1796 .
1473 1786 1485 1807 ‚
1512 1753 1571 1799 οὗς
1598 1757 1642 1796 σι)
1670 1758 1804 1804 ζῶντας
1829 1753 1901 1803 μὲν,
1929 1754 1956 1797 ὦ
1974 1757 2125 1804 κίναδος,
2151 1768 2259 1798 κολα-

307 1819 419 1859 κεύων
445 1818 735 1874 παρηκολούθεις.

360 1893 430 1941 (²⁶)
468 1895 591 1944 Lysias
618 1894 696 1931 adv.
723 1895 865 1932 Nicom.
892 1909 927 1944 p.
938 1894 1011 1931 864
1029 1893 1137 1930 infra:
1171 1893 1510 1945 ὑπογραμματεῦσαι
1546 1893 1608 1929 οὐκ
1640 1890 1758 1943 ἔξεο-τι
1793 1890 1846 1945 δὶς
1872 1892 1929 1929 τὸν
1960 1893 2065 1930 αὔτόν
2092 1898 2135 1942 τῇ
2158 1896 2260 1948 ἀρχῇ

309 1957 352 2004 τῇ
377 1954 476 2004 αὐτῇ.
503 1955 769 2011 vidffiBoeckh.
798 1955 941 1993 Oecon.
968 1955 1037 1993 civ.
1064 1954 1149 1992 Ath.
1176 1955 1205 1991 1.
1233 1955 1364 2004 p.203,

361 2026 431 2076 (²⁷)
470 2027 600 2066 Aesch.
627 2028 706 2065 adv.
735 2026 896 2078 Ctesiph.
924 2042 959 2078 p.
969 2026 1100 2065 5724.
1127 2027 1211 2065 vide
1236 2027 1395 2066 Boeckh.
1424 2027 1564 2066 Oecon.
1592 2028 1620 2064 Ι.
1648 2027 1778 2077 p.197.

360 2098 430 2149 (²⁸)
463 2100 502 2151 Αἐν
529 2103 571 2150 τῇ
595 2096 699 2149 θόλῳ
725 2100 831 2138 Dem.
852 2100 874 2138 Ι.
890 2100 913 2138 l.
940 2101 1118 2152 Harpocr.
1136 2114 1163 2138 s.
1178 2114 1212 2138 v.
1230 2095 1360 2140 δόλος·
1388 2100 1405 2137 ὅ
1433 2096 1538 2140 τόπος
1563 2096 1657 2137 ἔνθα
1683 2097 1856 2138 ἐδείπνουν
1882 2102 1910 2138 οἱ
1938 2098 2121 2154 πρυτάνεις
2148 2101 2256 2142 οὕτως

307 2163 461 2199 ἐκαλεῖτο
488 2162 567 2214 παρ’
592 2159 806 2206 Ἀθηναίοις.

359 2234 429 2283 (²⁹)
467 2236 573 2273 Dem.
608 2251 646 2272 π.
681 2251 833 2287 παραπρ.
868 2249 903 2285 p.
918 2235 1011 2272 363:
1051 2233 1376 2288 ὕποεγραμματεύων
1409 2235 1480 2288 «γὰρ
1514 2237 1591 2278 ὑμῖν
1621 2231 1680 2272 καὶ
1715 2235 1888 2288 ὑπηρετῶν
1921 2239 1964 2284 τῇ
1997 2233 2118 2284 βουλῇ
2148 2238 2256 2276 αὐτὸς

307 2295 475 2346 (Aesch.)
501 2294 661 2349 ἐξηγεῖτο
687 2294 745 2334 τὸν
772 2293 871 2337 νόμον
896 2298 1016 2334 τοῦτον
1042 2300 1092 2347 τῷ
1116 2292 1247 2351 κήρυκι.
1275 2298 1321 2337 cf.
1339 2298 1446 2336 Dem.
1472 2298 1509 2336 ll.
1524 2312 1577 2336 cc.
1631 2297 1733 2345 Quae
1759 2297 1868 2336 verba
1895 2299 2074 2345 evincunt,
2100 2300 2254 2338 Aeschi-

306 2371 389 2395 nem
415 2358 573 2396 functum
598 2360 697 2397 tertii
724 2359 817 2396 illius
842 2358 979 2396 scribae
1005 2372 1152 2397 munere
1179 2372 1235 2409 ap.
1262 2360 1412 2397 Polluc..
1439 2359 1457 2396 ὅ
1485 2354 1522 2396 δὲ
1549 2357 1615 2396 ὕπὸ
1641 2361 1706 2396 τοῦ
1728 2356 1836 2403 δήμου
1856 2356 2010 2413 αἱρεθεὶς
2027 2376 2256 2414 typam-reve

307 2415 539 2471 ἀναγινώσκει
572 2424 623 2470 τῷ
654 2416 750 2469 δήμῳ
783 2436 842 2457 και
873 2423 916 2470 τῇ
944 2417 1073 2470 Βουλῆ.
1108 2430 1146 2459 et
1176 2422 1284 2459 Bekk.
1311 2422 1435 2460 anecd.
1468 2436 1504 2472 p.
1495 2422 1604 2459 .:185
1640 2437 1865 2478 Ὑραμματευς
1890 2423 1908 2458 ὅ
1935 2440 1978 2458 αν
1979 2439 2186 2471 αγινωστιων
2212 2428 2257 2474 τῇ

306 2478 426 2530 Βουλῆ
449 2497 509 2518 και
534 2486 585 2530 τῷ·
610 2479 704 2531 δήμῳ
731 2498 777 2519 τα
802 2478 1078 2535 προςτεταεγμὲνα
1102 2481 1197 2519 κατὰ
1223 2479 1313 2535 χρᾶν
1315 2497 1375 2522 ους
1399 2479 1609 2527 iudeo-ero.
1636 2483 1681 2520 cf.
1707 2484 1813 2521 Dem.
1840 2484 1878 2520 in
1903 2485 2009 2535 Lept.
2037 2499 2071 2534 p.
2081 2485 2167 2523 485.
2196 2487 2255 2523 An

306 2543 456 2582 sortasse
482 2544 589 2582 etiam
615 2558 661 2583 eo
688 2557 836 2582 munere
861 2544 998 2582 functus
1025 2551 1091 2591 est,
1117 2544 1215 2594 quod
1241 2545 1402 2595 sequitur
1428 2558 1483 2595 ap.
1509 2546 1616 2582 Bekk.
1644 2545 1706 2581 1.1.
1740 2545 1757 2581 ὅ
1794 2540 1832 2582 δὲ
1866 2543 2143 2598 καταγραφόμεν
2145 2562 2183 2586 ος
2208 2547 2254 2584 τοὶ

306 2605 342 2641 ἐν
373 2607 417 2653 τῇ
446 2602 566 2655 βουλῇ
597 2602 766 2654 «γενόμενα
797 2604 1036 2658 αντιεγραφειὶς
1065 2600 1217 2654 ἐλέγετο,
1249 2606 1286 2642 id
1319 2605 1419 2655 quod
1451 2606 1548 2644 idem
1579 2606 1700 2643 testari
1733 2607 1846 2656 possit
1872 2607 1942 2644 loc.
1970 2608 2030 2644 cit.
2058 2608 2165 2645 Dem.
2192 2605 2253 2646 καὶ

306 2666 479 2719 &nnec-two
504 2669 547 2715 τῇ
570 2664 710 2716 Remis?
749 2668 824 2715 Qui
850 2664 1088 2720 ἆντιγραφευς
1111 2670 1173 2711 τῆς
1198 2662 1336 2711 βουλῆς
1360 2667 1404 2704 ab
1431 2668 1608 2716 Harpocr.
1626 2681 1654 2704 s.
1670 2682 1704 2705 v.
1731 2664 1970 2720 ἇντιιγραφεύς
1996 2682 2038 2706 ex
2055 2669 2255 2709 Aristotele

306 2727 341 2763 ἐν
363 2725 564 2771 ΗΑθηναιων
589 2725 745 2775 πολιτείᾳ
772 2735 1086 2773 commemoratum
1112 2728 1278 2778 idemque
1304 2729 1341 2765 in
1367 2728 1657 2778 inscriptionibus
1683 2729 1777 2767 inter
1802 2726 1975 2769 ἆεισίτους
2000 2731 2148 2770 nomine
2173 2732 2253 2770 solo

307 2785 546 2843 ἆντιγραφεύς
571 2791 761 2829 invenitur.
788 2791 871 2829 vide
897 2791 1053 2829 Boeckh.
1082 2791 1222 2829 Oecon.
1249 2791 1316 2828 civ.
1344 2790 1428 2828 Ath.
1455 2791 1484 2827 1.
1511 2804 1547 2841 p.
1538 2791 1626 2828 ,201
1648 2805 1700 2841 sq.

359 2860 428 2911 (³⁰)
469 2862 602 2902 Cicero
629 2865 674 2903 de
702 2872 791 2904 orat.
818 2865 855 2910 3,
869 2863 904 2901 7.
920 2870 1056 2903 orator
1081 2864 1141 2902 18.

1866 2931 1905 2975 Β
