2716 3277
289 214 661 263 Lacedaemoniis
699 212 980 283 defeceram,
1023 212 1095 259 his
1131 210 1381 257 fidelissimi
1418 213 1531 257 socii
1570 212 1898 275 permanebant
1928 204 2051 274 (³⁴).'
2095 216 2235 270 Quod

291 311 394 342 cum
426 309 557 358 aegre
589 293 760 340 ferrent
783 292 936 356 Argivi
966 291 1186 355 imprimis
1219 299 1264 336 et
1287 289 1486 336 Arcades
1517 306 1570 336 ac
1601 305 1686 354 per
1720 289 1876 354 plures
1911 306 2055 337 annos
2083 290 2236 338 Phlia-

231 422 234 427 ,
290 377 381 421 sios
420 372 625 436 undique
664 381 946 435 premerent:
998 369 1318 426 Athenienses,
1365 371 1445 432 qui
1485 367 1679 424 foedere,
1715 371 1809 422 icto
1850 371 2090 416 amicitiam
2133 387 2238 417 cum

289 450 662 498 Lacedaemoniis
692 451 887 495 inierant
915 447 994 495 Ol.
1019 449 1123 494 102.
1145 449 1174 492 4
1200 450 1263 508 (a.
1283 448 1417 507 369.)
1439 448 1547 507 (³⁵),
1581 445 1789 493 Phliasiis
1817 446 1897 494 Ol.
1921 449 2027 494 103.
2054 452 2075 493 1
2107 452 2235 513 equi·

290 541 359 576 tes
383 530 561 592 aliquot
585 527 751 574 auxilio
780 528 1084 573 submiserunt
1111 527 1215 586 (3⁶).
1258 524 1440 571 Deinde
1453 524 1648 595 'Phliasii
1675 519 1887 588 angustiis
1912 529 2233 583 crescentibus,

291 608 410 653 fame
450 610 658 662 instante,
703 605 846 658 salute
882 620 1032 669 prope
1072 603 1309 668 desperata
1347 604 1405 648 ab
1437 602 1791 650 Atheniensibus
1829 606 2142 667 impetrarunt,
2187 617 2239 652 ut

292 685 537 733 Charetem
568 686 822 736 mitterent,
866 686 946 747 qui
977 685 1267 729 comitaretur
1303 696 1352 726 se
1384 692 1686 728 commeatum
1714 692 1939 745 petentes.
1997 684 2082 729 Ille
2115 683 2238 730 idem

291 779 388 809 non
426 761 581 808 deerat
614 760 821 808 Phliasiis
859 761 1145 824 rogantibus,
1164 816 1168 819 v
1187 770 1239 806 ut
1274 759 1429 805 locum
1466 761 1522 806 ab
1556 754 1779 824 Sicyoniis
1817 763 1865 806 in
1904 760 2111 807 confiniis
2145 765 2237 808 suis

292 842 516 885 munitum
555 840 926 903 recuperantibus
963 849 1146 902 praesto
1187 847 1319 884 esset.
1377 837 1448 883 Ne
1486 839 1643 896 multa,
1692 837 1861 885 Chares
1892 838 2237 885 Atheniensium

293 917 513 964 mandatis
546 920 756 974 excessit3
792 919 958 963 etenim
989 933 1085 963 non
1116 917 1266 962 solum
1298 919 1514 964 comitatu
1546 932 1629 962 suo
1654 916 1875 963 Phliasios
1900 917 2239 980 proficiscentes

292 996 519 1051 tuebatur,
556 994 635 1041 sed
664 997 797 1041 etiam
824 996 873 1040 in
898 996 1141 1040 certamina
1165 1010 1267 1039 cum
1293 993 1479 1042 illorum
1503 993 1710 1040 hostibus
1732 1011 1781 1040 se
1804 997 2060 1041 immiscuit.
2105 994 2237 1041 Post-

294 1090 432 1136 quam
458 1072 639 1118 duobus
664 1072 851 1136 proeliis
874 1073 1065 1136 Argivos
1091 1071 1257 1119 devicit
1281 1071 1361 1119 Ol.
1386 1073 1492 1118 103.
1512 1074 1558 1128 2,
1595 1072 1816 1118 Phliasios
1841 1074 1898 1118 ab
1924 1073 2238 1120 obsidentibus

292 1151 499 1197 hostibus
529 1150 750 1198 liberavit.
811 1151 989 1197 Horum
1021 1153 1113 1197 sive
1147 1150 1339 1197 alterum
1369 1149 1597 1214 proelium
1633 1152 1726 1198 sive
1760 1149 1882 1197 aliud
1913 1151 1995 1197 illo
2027 1162 2237 1215 tempore

292 1228 593 1274 Phliasiorum
625 1230 682 1274 ab
714 1228 1066 1274 Atheniensibus
1097 1227 1354 1273 adiutorum
1385 1238 1614 1273 certamen
1646 1228 1747 1284 fuit,
1787 1231 1866 1274 uni
1896 1239 2018 1275 certe
2049 1230 2236 1275 Aeschi-

293 1323 397 1363 nes,
442 1317 551 1353 tunc
591 1308 725 1370 igitur
757 1306 1023 1353 ‘vicesimum
1063 1306 1254 1352 alterum
1291 1305 1386 1352 fere
1421 1308 1574 1352 aetatis
1608 1323 1775 1352 annum
1808 1323 1962 1370 agens,
2008 1308 2234 1365 interfuit3

294 1393 489 1447 cumque
522 1387 639 1429 circa
671 1384 842 1440 locum,
880 1384 959 1447 qui
989 1385 1236 1430 vocabatur
1265 1381 1420 1437 Νεμεὰς
1450 1378 1657 1449 χαράδρα,
1695 1383 2024 1430 deducentibus
2052 1386 2236 1431 Aeschi-

294 1465 362 1507 nis
393 1462 658 1525 aequalibus
691 1465 1068 1525 mercenariisque
1099 1462 1443 1507 Atheniensium
1475 1462 1729 1523 periculum
1762 1465 2023 1518 exstitisset,
2067 1465 2128 1507 ita
2163 1479 2236 1508 ex-

294 1539 450 1585 celluit
481 1539 727 1585 Aeschines
758 1542 946 1595 virtute,
988 1550 1040 1586 ut
1070 1537 1225 1585 laudes
1259 1542 1300 1585 ei
1331 1555 1356 1584 a
1390 1537 1580 1585 ducibus
1612 1539 1838 1585 ferrentur
1865 1542 1971 1601 (³⁷).
2029 1540 2239 1598 Quatuor

344 1719 415 1768 (³⁴)
455 1721 546 1757 xen.
573 1720 670 1758 Heu.
697 1720 778 1757 vn.
792 1720 829 1756 2.
856 1718 917 1770 §2
935 1734 987 1769 sq.

345 1791 415 1842 (³⁵)
453 1793 564 1831 Diod.
591 1793 665 1830 Sic.
690 1793 771 1830 xv,
787 1793 846 1831 67.

345 1866 415 1916 (³⁶)
454 1868 546 1905 Xen.
575 1868 597 1904 l.
613 1868 637 1904 l.
664 1865 764 1917 §10.
789 1866 835 1905 cf.
864 1875 954 1905 orat.
981 1862 1055 1919 περὶ
1074 1862 1279 1917 συντάξεως
1304 1866 1423 1916 p.175
1442 1867 1515 1913 fin.‚
1542 1867 1705 1903 auxilium
1722 1866 1883 1904 Phliasiis
1902 1868 2105 1920 missum-'ab
2123 1868 2236 1906 Athe-

292 1928 483 1967 niensibus.
2055 1919 2060 1924 “

345 2000 415 2050 (³⁷)
453 2001 612 2039 Diodori
639 2002 756 2039 locum
774 2002 853 2038 XV.
868 2000 917 2039 75
936 2001 1004 2038 huc
1022 2000 1251 2039 referendum
1269 2012 1358 2048 esse,
1385 2002 1471 2039 item
1488 2001 1618 2039 Aesch.
1636 1996 1710 2053 περὶ
1728 1997 1858 2054 nese-[3.
1877 2002 1981 2051 p.50.
1990 2001 2051 2038 34.
2085 2002 2235 2040 Schnei-

294 2065 399 2101 derus
431 2064 475 2100 ad
508 2065 600 2100 Xen.
628 2064 651 2100 l.
667 2077 699 2100 c.
734 2071 772 2100 et
795 2064 1017 2101 Winiewski
1045 2071 1236 2100 comment.
1270 2063 1314 2099 ad
1342 2071 1431 2099 orat.
1457 2064 1564 2100 Dem.
1592 2063 1637 2099 de
1664 2076 1739 2100 cor.
1767 2063 1871 2111 p.53.
1899 2064 2039 2107 volunt;
2072 2072 2109 2100 et
2142 2065 2236 2100 aliud

294 2138 438 2175 quoque
463 2124 534 2163 boc
560 2124 605 2163 ad
630 2120 794 2168 Νεμεάδα
819 2119 1009 2178 χαράδραν
1034 2123 1213 2175 proelium
1239 2123 1320 2163 huic
1347 2123 1423 2163 fere
1449 2124 1547 2175 quod
1573 2124 1726 2175 assignet
1749 2125 1905 2174 tempori
1931 2134 2176 2176 argumentum
2200 2127 2237 2164 in

294 2195 439 2237 promtu
463 2186 590 2224 habeo.
644 2188 820 2237 Harpocr.
848 2200 923 2223 s-v.
950 2184 1084 2228 Νεμεοὶς
1111 2182 1298 2240 χαράδραι·
1324 2183 1498 2235 Αἰσχίνης
1523 2182 1597 2240 περὶ
1625 2189 1686 2231 τῆς
1711 2182 1922 2239 πρεσβείας·
1950 2182 2037 2223 οὕτω
2064 2182 2170 2226 τόπος
2187 2202 2238 2227 τις

295 2250 448 2284 ἐκαλεῖτο
475 2249 509 2283 ἐν
534 2246 801 2300 Πελοποννήσῳ.
832 2245 1008 2291 “πλησιόν
1033 2251 1095 2292 τῆς
1119 2244 1252 2291 Νεμέοις
1278 2246 1492 2299 χαράδρας”
1518 2244 1667 2299 Ἔφορος
1692 2248 1725 2283 ἐν
1751 2243 1821 2294 κγ’.
1850 2249 1905 2294 (in
1930 2249 2100 2285 vicesimo
2127 2251 2237 2286 tertio

295 2309 427 2358 libro).'
473 2309 584 2347 Diod.
611 2309 685 2347 Sic.
712 2309 809 2346 XVI.
826 2307 884 2346 76:
909 2303 1058 2362 Ἔφορος
1082 2306 1143 2354 τὴν
1169 2306 1318 2363 ἱστορίαν
1337 2305 1479 2346 ,ἐνθάδε
1506 2307 1732 2358 (Nicomachi
1759 2321 1851 2347 anno
1879 2308 1939 2346 Ol.
1955 2309 2041 2346 109.
2051 2309 2085 2353 4;
2111 2309 2185 2349 341
2207 2325 2237 2348 a.

296 2370 402 2418 Chr.)
428 2367 662 2422 κατέσὲροφεν
689 2372 736 2409 εἷς
761 2369 821 2415 τὴν
847 2367 1017 2423 Hept'uSou
1044 2368 1240 2423 πολιορκίαν
1267 2391 1316 2399 —
1342 2368 1497 2424 ἆρξάμεν
1481 2386 1535 2410 νος
1560 2368 1629 2407 oin-3
1655 2373 1716 2413 τῆς
1732 2369 1974 2422 ‘rcfu‘v‘Hpcchet
1977 2368 2045 2406 δῶν
2061 2368 2239 2408 καθόδου.

296 2428 422 2486 ιχρόνον
449 2427 487 2469 δε
513 2448 587 2485 περι
577 2428 702 2474 ιέλοιβε
729 2430 865 2481 σχεδὸν
890 2432 972 2469 ἔτων
996 2432 1162 2470 {manoe-i
1158 2430 1209 2469 ’ων
1233 2429 1293 2470 καὶ
1318 2448 1541 2478 πεντηκοντα,
1573 2448 1632 2469 και
1665 2428 1825 2473 βίβλους
1855 2427 2018 2484 «γέγραφε
2035 2428 2238 2485 ⁴1¹rpoe'uovroe.

295 2496 389 2532 Vide
415 2507 540 2545 porro.
566 2494 678 2546 Diog.
704 2494 823 2550 Laert.
850 2495 896 2531 Π.
911 2494 978 2531 54.
1014 2494 1031 2530 ὃ
1066 2489 1105 2531 δὲ
1129 2491 1283 2547 Γρύλλος
1314 2491 1486 2543 τεταγμέν
1487 2510 1523 2533 ος
1553 2492 1646 2530 κατὰ
1669 2492 1754 2532 τούς
1779 2489 1905 2532 ἱππέας
1937 2489 1976 2542 (η
1955 2510 1995 2530 νν
2022 2489 2059 2531 δὲ
2085 2495 2105 2538 ἦ
2133 2493 2240 2544 μάχν

294 2571 370 2609 περι
396 2553 599 2593 Μαντίνειαν
600 2557 655 2604 >i
644 2559 803 2610 ιτχυρῶς
828 2553 1087 2606 ‹symm-dueum
1112 2552 1344 2600 ἐτελευτητεν,
1370 2572 1417 2596 ως
1433 2565 1492 2605 ‘w
1474 2571 1549 2593 νσιν
1569 2551 1719 2609 Ἔφορος
1744 2556 1779 2592 ἐν
1803 2570 1844 2605 τῃ
1872 2551 2007 2605 πέμπτῃ
2025 2552 2084 2592 καὶ
2103 2558 2242 2606 εἰκοστῇ

295 2633 329 2655 κ.
342 2633 373 2654 τ.
387 2624 420 2655 λ.
472 2617 530 2655 Ab
557 2631 649 2656 anno
676 2620 788 2667 (362)
816 2620 875 2657 01.
891 2619 976 2656 104.
984 2620 1008 2655 2
1034 2619 1144 2670 igitur
1169 2632 1280 2668 usque
1306 2619 1350 2655 ad
1377 2632 1408 2655 a.
1434 2619 1494 2655 Ol.
1509 2619 1583 2655 109
1610 2619 1687 2655 fere
1712 2619 1857 2655 tertium
1883 2617 1995 2665 (342)
2022 2619 2151 2669 viginti
2178 2633 2239 2656 an·

296 2694 362 2718 nos
390 2679 567 2751 complexi
593 2687 673 2718 sunt
698 2680 781 2719 libri
809 2682 963 2732 quinque
990 2679 1032 2718 ab
1050 2680 1100 2718 25
1119 2680 1162 2717 ad
1179 2680 1243 2727 30,
1269 2681 1306 2717 in
1332 2680 1459 2730 quibus
1483 2680 1709 2731 gravissimae
1726 2693 1783 2717 res
1801 2680 1996 2717 narrandae
2014 2688 2128 2728 erant,
2154 2680 2239 2719 Phi-

296 2742 386 2792 lippi
411 2742 507 2794 regis
534 2749 572 2780 et
595 2743 853 2794 Dionysiorum
878 2743 1079 2794 Dionisque
1105 2741 1210 2789 bella,
1236 2742 1408 2793 imprimis
1434 2743 1479 2780 de
1505 2736 1715 2793 Amphipoli
1740 2740 1829 2779 urbe
1855 2740 2063 2792 Philippum
2089 2743 2183 2781 inter
2205 2752 2241 2781 et

296 2804 544 2852 Athenienses,
569 2804 840 2844 Atheniensium
866 2820 946 2844 cum
970 2807 1091 2852 sociis,
1115 2806 1353 2844 Phocensium
1379 2805 1513 2843 bellum
1538 2818 1688 2851 sacrum,
1714 2804 1971 2842 Thebanorum
1989 2813 2027 2842 et
2042 2805 2239 2843 Athenien-

297 2866 385 2904 sium
412 2866 449 2904 in
475 2866 623 2906 Euboea
646 2867 771 2915 insula,
800 2868 1022 2919 Olynthium,
1058 2869 1229 2920 pluraque
1256 2868 1322 2906 alia
1348 2867 1449 2906 facta.
1501 2867 1594 2905 Illud
1621 2868 1730 2919 igitur
1756 2867 1800 2905 ad
1825 2871 1909 2912 Νεμ.
1936 2882 2026 2921 xmp.
2052 2868 2240 2918 proelium,

1806 2933 1896 2978 132
