2716 3277
1243 104 1309 160 13

292 225 345 273 ‘8’
369 215 467 272 εἴτε
498 218 765 282 συμβήσεται
786 226 876 280 ἡμῖν
902 221 1057 269 παθεῖν
1088 225 1159 286 (p.
1173 223 1251 269 52.
1277 223 1392 284 15.).
1437 222 1582 270 Socer
1607 226 1650 269 ei
1675 234 1771 272 erat
1793 222 2091 271 Philodemus
2111 228 2249 276 Paea-

301 306 485 361 niensis‚
523 305 601 367 qui
634 318 793 366 magna
821 301 1002 349 valebat
1019 302 1314 359 auctoritate,
1350 310 1511 365 utpote
1546 302 1626 365 qui
1655 302 1796 348 tribui
1823 300 2089 352 Paeaniensi
2122 318 2254 366 prae-

301 382 445 429 fectus
476 390 592 427 esset
627 381 731 442 (⁴³).
790 380 968 425 Fratres
998 382 1151 425 uxoris
1183 378 1293 435 duo,
1337 378 1508 424 Philon
1538 382 1608 425 vir
1638 382 1718 430 rei,
1739 379 1943 425 militaris
1974 383 2164 443 peritus,
2209 392 2255 427 et

301 461 557 523 Epicrates,
603 461 681 521 qui
722 460 928 521 corporis
965 458 1112 503 forma
1150 457 1400 520 habituque
1438 459 1622 520 insignis
1659 459 1707 503 in
1746 461 1931 521 pompis
1969 458 2253 522 Dionysiacis

300 536 646 583 Atheniensium
688 535 847 581 oculos
887 538 935 580 in
967 551 1021 591 ‚se
1063 537 1338 582 convertisse
1379 534 1628 581 dicebatur.
1681 536 1757 598 *Ex
1799 535 1978 582 duobus
2017 536 2252 582 Aeschinis

301 613 513 661 fratribus
535 622 645 660 natu
666 614 811 658 maior
834 614 936 675 ipso
961 610 1255 660 Philochares
1284 623 1507 676 tempore,
1542 628 1636 676 quo
1664 614 1811 659 oratio
1837 611 1895 659 de
1920 613 2144 676 legatione
2171 613 2249 659 ha·

301 692 397 737 bita
429 701 512 747 est,
547 706 589 735 a.
610 691 719 740 343.
756 691 846 735 iam
876 704 961 753 per
991 699 1082 735 tres
1115 705 1259 738 annos
1290 688 1504 753 deinceps
1536 692 1879 753 imperatorium
1916 706 2076 736 munus
2108 690 2250 736 admi-

301 768 534 824 nistrabat,
570 766 693 813 unde
717 783 876 831 magna
900 777 997 813 tum
1022 766 1215 813 Athenis
1239 767 1473 812 fruebatur
1498 769 1632 831 gratia
1661 768 1767 827 (⁴4).
1802 768 1959 824 Minor
1978 767 2250 831 Aphobetus

302 863 406 893 cum
434 848 482 891 in
508 845 651 891 altero
678 847 875 892 muneris
899 861 1064 908 genere
1090 844 1363 891 Aeschinem
1388 857 1565 892 secutus
1592 857 1725 903 esset,
1761 847 1936 893 scribae
1970 845 2092 902 dico,
2128 857 2249 892 tanta

300 941 408 970 usus
435 935 502 969 est
533 921 653 986 apud
685 925 802 970 cives
836 926 991 986 gratia,
1026 935 1078 969 ut
1102 920 1373 989 ἀντιγραφεὺς
1397 924 1465 976 τῆς
1490 919 1717 977 διοκήσεως
1742 942 1766 969 a
1793 924 1970 987 populo
1997 936 2247 981 crearetur3

303 1018 392 1065 qua
428 1002 663 1064 provincia
701 1001 819 1046 bene
856 1016 909 1046 ac
947 993 1216 1063 probissime
1251 1001 1440 1058 functus-⁷
1463 1011 1531 1046 est
1563 1002 1667 1060 (4⁵).
1727 1001 1856 1048 Idem
1887 1002 2159 1064 legationem
2192 1002 2249 1047 ad

299 1078 537 1126 Persarum
566 1092 718 1140 regem
748 1079 927 1124 missam
952 1076 1090 1141 digno
1117 1078 1348 1141 republica
1374 1077 1515 1124 modo
1542 1076 1880 1125 administravit.
1926 1079 1987 1125 Hi
2011 1079 2249 1126 AeschInis

300 1156 575 1219 propinqui,
620 1157 820 1217 quamvis
860 1154 917 1200 ad
953 1172 1095 1201 unum
1136 1171 1295 1202 omnes
1324 1157 1571 1202 verborum
1603 1156 1889 1202 contumeliis
1923 1159 2128 1203 oratione
2159 1172 2247 1220 pro

300 1234 455 1278 rostris
485 1231 640 1277 habita
672 1247 696 1276 a
726 1231 1040 1278 Demosthene
1071 1235 1233 1289 notati,
1268 1243 1421 1279 tamen
1454 1235 1726 1296 contemptis
1759 1233 2006 1279 maledictis
2032 1234 2248 1280 Aeschini

300 1309 486 1356 aderant
515 1310 716 1372 petituri,
752 1319 804 1355 ut
833 1308 1108 1373 praesidium
1140 1325 1220 1356 reo
1252 1310 1391 1356 ferret
1420 1310 1621 1374 populus
1649 1326 1673 1355 a
1700 1310 1932 1357 calumniis
1957 1313 2247 1357 inimicissimi

300 1390 400 1434 viri.

472 1579 718 1626 Aeschines
745 1590 983 1643 praeterea
1014 1579 1071 1625 ad
1103 1583 1328 1643 graviores
1360 1583 1494 1627 etiam
1524 1596 1595 1627 res
1628 1598 1653 1627 a
1684 1582 1863 1645 populo
1897 1581 2126 1645 delegatus
2160 1593 2242 1629 est.

298 1656 449 1703 Prima
480 1656 645 1720 legatio
680 1668 746 1702 est
777 1657 832 1703 ad
864 1657 1062 1703 Arcades
1095 1674 1199 1704 cum
1231 1659 1328 1704 aliis
1360 1658 1498 1715 facta,
1544 1675 1659 1721 quae
1693 1676 1718 1703 a
1749 1658 1961 1705 Diodoro
1995 1639 2245 1722 Theophili

300 1749 419 1780 anno
446 1732 526 1781 Ol.
552 1737 656 1780 108.
681 1739 701 1779 1
733 1734 1001 1781 adscribitur
1027 1736 1138 1795 (4⁶);
1175 1751 1263 1798 qua
1295 1738 1342 1781 in
1373 1735 1598 1799 legatione
1631 1752 1789 1799 magna
1820 1739 1910 1782 iam
1936 1739 2031 1783 eius
2055 1737 2141 1783 fuit
2167 1754 2244 1782 au-

299 1814 482 1858 ctoritas
514 1827 745 1875 operaque
775 1816 966 1875 egregia,
1000 1813 1282 1875 Megalopoli
1316 1815 1569 1858 orationem
1602 1814 1785 1870 habuit3
1825 1814 2016 1877 posthac
2048 1814 2103 1859 ad
2136 1815 2243 1860 Phi·

297 1890 475 1953 lippum
513 1890 697 1952 alioque
732 1890 903 1953 legatus
934 1890 1034 1936 fuit.
1088 1889 1180 1937 Sed
1211 1890 1287 1935 hic
1316 1890 1548 1954 paulisper
1579 1892 1882 1947 subsistamus,
1925 1891 2147 1954 siquidem
2181 1894 2244 1937 al-

296 1977 439 2013 teram
477 1970 868 2013 commentationis
905 1978 1080 2030 partem
1118 1967 1331 2030 publicae
1373 1968 1481 2013 huic
1518 1970 1635 2014 vitae
1674 1971 1864 2014 maxime
1904 1968 2236 2015 destinavimus.

296 2043 454 2090 Restat
485 2055 536 2089 ut
568 2046 721 2107 paucis
753 2043 811 2092 de
842 2046 896 2089 iis
925 2060 1041 2106 quae
1066 2047 1236 2107 scripto
1262 2044 1501 2107 reliquerit
1532 2045 1842 2107 defungamur.

349 2214 419 2265 (⁴³)
457 2216 587 2254 Aesch.
614 2232 688 2269 περι
714 2212 845 2269 nese-B.
872 2231 908 2266 p.
899 2216 977 2254 .48.
992 2216 1060 2254 15:
1095 2214 1144 2254 δι’
1172 2233 1208 2254 ον
1234 2218 1282 2256 εἷς
1306 2216 1388 2257 τούς
1413 2214 1565 2262 δημότας
1589 2214 1762 2270 ε’νεγραφν
1766 2233 1784 2257 ς
1809 2219 2129 2267 (Demosthenes).
2168 2221 2240 2258 vid.

298 2278 477 2328 Harpocr.
505 2292 532 2315 s.
547 2292 580 2315 v.
609 2276 809 2330 δήμαρχοςὲ
836 2297 886 2306 -
912 2276 961 2315 ἔτι
988 2273 1026 2314 δε
1050 2294 1110 2315 και
1135 2294 1182 2315 τοι
1207 2278 1429 2332 λνξιαρχικᾶ
1456 2282 1674 2333 γραμματεῖα
1700 2294 1794 2332 παοα
1819 2276 1952 2318 τούτοις
1977 2276 2027 2323 ἧν.

349 2349 419 2399 (⁴⁴)
457 2351 516 2388 De
544 2351 672 2388 officiis
706 2358 742 2388 et
773 2352 982 2389 auctoritate
1009 2352 1185 2389 denorum
1216 2353 1471 2403 imperatorum
1495 2353 1623 2390 Athen.
1663 2353 1745 2390 vide
1773 2352 1816 2389 C.
1841 2353 1882 2389 F.
1908 2354 2090 2390 Hermann
2116 2354 2240 2404 Antiq.

297 2411 365 2449 Gr.
391 2410 488 2462 publ.
516 2409 640 2463 §153-
668 2432 718 2440 —
745 2412 791 2450 cf.
817 2408 925 2451 Dem.
949 2413 1103 2464 Philipp.
1130 2414 1160 2451 Ῑ,
1186 2428 1222 2465 p.
1232 2413 1292 2451 47:
1320 2413 1383 2451 οὐκ
1408 2415 1648 2467 ἐχειροτονεῖτε
1676 2409 1713 2450 δὲ
1740 2412 1828 2465 ἐξς
1808 2430 1901 2456 υμων
1926 2414 2040 2452 αὐτων
2067 2411 2153 2453 δέκα
2178 2432 2242 2453 τα-

295 2469 477 2528 ξιάρχους
507 2469 567 2509 καὶ
600 2473 818 2526 στρατηγούς
842 2470 901 2511 καὶ
928 2471 1143 2528 φυλάρχους
1168 2472 1227 2512 καὶ
1252 2472 1459 2529 ἱππάρχους
1484 2472 1566 2521 δυός
1597 2474 1633 2512 τί
1661 2470 1720 2513 οὖν
1747 2470 1836 2513 οὗτοι
1863 2479 1999 2513 ποιοῦσι
2007 2493 2020 2521 3
2054 2476 2145 2522 πλὴν
2170 2477 2244 2518 ἑνός

295 2531 433 2586 ἄνδρές,
467 2529 504 2571 Su
530 2531 573 2571 ἂν
599 2531 805 2580 ἐκπέμψητε
831 2531 886 2572 ἐπὶ
910 2534 968 2573 τόν
994 2533 1143 2580 πόλεμον
1178 2540 1207 2575 οἱ
1239 2534 1350 2575 λοιποὶ
1375 2537 1442 2577 τοὶς
1466 2535 1606 2581 πομπὰς
1631 2533 1821 2581 πέμπουσιν
1846 2538 1924 2580 ὑμῖν
1950 2537 2037 2581 μετᾶ
2064 2542 2131 2576 τῶν
2156 2542 2243 2593 ἱερο-

296 2598 417 2633 ποιῶν·
444 2594 559 2650 ὥσπερ
584 2595 656 2650 «γὰρ
683 2599 711 2634 οἱ
737 2593 950 2638 πλάττοντες
974 2597 1056 2638 τούς
1080 2596 1255 2644 πηλῖνους,
1281 2603 1329 2639 εἷς
1354 2599 1414 2644 τὴν
1439 2598 1571 2652 ἀγορὰν
1597 2603 1823 2652 χειροτονεῖτε
1841 2599 1922 2640 τούς
1939 2597 2166 2654 ταξιάρχους
2183 2599 2242 2639 καὶ

295 2656 378 2698 τούς
403 2655 632 2711 φυλάρχους,
659 2658 722 2696 οὐκ
748 2656 802 2696 ἐπὶ
828 2658 886 2697 τᾶν
911 2656 1070 2705 πόλεμον.
1097 2661 1144 2699 cf.
1170 2658 1246 2715 περὶ
1272 2661 1418 2713 συνταξ.
1445 2660 1561 2712 p.171
1582 2661 1640 2698 fin.

346 2728 416 2779 (⁴⁵)
455 2730 585 2769 Aesch.
613 2731 636 2768 Ι.
652 2745 683 2769 c.
709 2735 827 2771 καλῶς
854 2727 891 2769 δὲ
916 2728 976 2770 καὶ
1004 2731 1144 2774 δικαίως
1169 2738 1235 2771 τῶν
1262 2730 1425 2787 ὑμετέρων
1452 2730 1622 2786 προςόδων
1649 2731 1884 2778 ἐπιμεληθείς,
1911 2731 1967 2771 ὅτε
1984 2734 2092 2772 αὐτὸν
2110 2733 2163 2773 ἐπὶ
2181 2736 2241 2780 τὴν

294 2789 406 2837 κοινὴν
433 2789 595 2836 διοίκησιν
621 2789 766 2831 εἵλεσθε
790 2810 823 2831 κ.
836 2810 868 2831 τ.
881 2801 915 2832 λ.
942 2795 988 2833 cf.
1014 2796 1171 2834 Boeckh.
1200 2796 1339 2835 Oecon.
1357 2796 1440 2833 Ath.
1467 2796 1496 2833 I.
1524 2796 1653 2846 p.181.
1680 2797 1858 2847 Harpocr.
1886 2812 1913 2835 s.
1928 2813 1962 2834 v.
1990 2794 2238 2851 ἇντιιγςναφεύς.

346 2862 418 2914 (⁴⁶)
456 2865 623 2904 XVI-54.
651 2885 700 2896 —
726 2866 833 2907 Dem.
859 2882 897 2904 π.
924 2882 1077 2922 παραπρ.
1103 2868 1233 2920 p.344.
1252 2868 1381 2920 p.438.
1408 2868 1537 2908 Aesch.
1565 2864 1639 2923 περὶ
1666 2865 1797 2923 πρετΒ.
1824 2869 2000 2921 p.38.25.
2028 2870 2109 2910 vide
2136 2870 2236 2911 infra.
