2716 3277
350 189 595 249 (Quinctil.
621 189 761 232 instit.
789 196 905 231 orat.
930 185 1040 231 ml.
1066 189 1109 231 1.
1133 186 1284 253 53..)
1345 186 1465 231 Nam
1497 190 1577 249 qui
1607 186 1653 231 id
1680 199 1865 233 censent
1888 193 1975 252 ipsi
2000 207 2047 237 se
2072 194 2305 249 refellunt,

351 284 454 314 cum
479 264 771 323 Aeschinem,
802 263 1101 328 Hyperidem,
1129 263 1385 311 Demadem
1410 264 1632 326 aliosque,
1670 282 1786 326 quos
1811 268 2061 314 secundum
2088 269 2309 334 eloquen-
2364 279 2368 282 ’

350 345 439 392 tiae
468 342 623 390 locum
655 353 811 390 tenere
842 341 1134 406 profitentur,
1162 341 1377 389 ‘homines
1402 344 1690 406 pravissimos
1715 345 1968 392 nominant.
2013 348 2088 394 An
2114 359 2309 396 statuere

348 425 422 469 isti
451 422 616 478 velint,
659 431 866 467 veterum
904 430 1160 478 oratorum,
1206 423 1286 484 qui
1325 420 1382 467 de
1416 422 1674 484 principatu
1704 436 1795 466 una
1811 423 2183 484 contenderunt,
2229 444 2308 475 eos

350 516 447 547 esse
477 501 845 564 praestantiores,
884 509 1057 563 quanto
1088 501 1254 546 virtute
1287 499 1408 546 civili
1439 498 1794 562 praestitissent?
1842 499 1941 545 Nec
1974 500 2309 560 Quinctilianus

349 578 484 639 (ibid.
515 578 561 641 ξ.
581 577 680 638 15.)
716 566 937 624 Cicerove
974 592 1060 623 nec
1101 579 1179 640 qui
1219 575 1277 622 de
1307 579 1399 623 vita
1428 576 1754 623 Demosthenis
1788 591 2094 640 exposuerunt
2124 583 2203 628 vel
2229 586 2310 646 qui

349 656 590 719 singularia
623 654 847 719 quaedam
879 655 1128 709 attulerunt
1153 654 1239 699 alia
1263 664 1460 717 agentes,
1497 656 1601 699 satis
1624 656 1834 718 apposite
1861 654 1917 701 ad
1943 658 2309 719 persuadendum

350 749 564 782 excusare
595 733 851 791 valuerunt,
890 748 1006 798 quae
1037 731 1329 790 Idomeneus,
1367 731 1628 780 Demetrius
1659 730 1908 780 Phalereus
1940 734 2107 799 aliique
2139 739 2188 784 in
2217 741 2309 786 vita

347 813 598 869 Plutarchi,
634 813 707 858 vel
733 812 970 876 Polybius,
1008 814 1087 875 qui
1119 801 1405 875 temporibus
1431 810 1755 858 Demosthenis
1785 814 1983 875 proximi
2010 816 2228 874 vixerant,
2265 820 2308 864 ei

351 893 699 956 exprobrarunt.
1160 887 1168 892 ’

527 968 646 1027 Quia
689 972 810 1015 enim
850 968 1177 1015 Demosthenis
1224 984 1341 1031 quae
1387 982 1620 1032 nunquam
1668 971 1860 1032 quiescit
1900 974 2063 1016 mentis
2103 976 2306 1036 agitatio·

351 1065 456 1095 nem
486 1047 707 1104 videmus,
753 1046 1031 1117 assiduisque
1070 1047 1304 1092 laboribus
1338 1056 1626 1111 occupatum,
1669 1058 1721 1093 ut
1753 1033 1892 1094 noras
1924 1051 2124 1097 rationes
2156 1047 2307 1115 inqui-

350 1137 490 1181 reret,
535 1118 703 1188 quibus
742 1127 860 1172 cives
899 1141 1005 1171 suos
1040 1140 1067 1170 e
1097 1134 1286 1185 veterno
1320 1127 1609 1172 exsuscitaret
1644 1135 1690 1171 et
1720 1128 1950 1188 instigaret
1980 1126 2036 1171 ad
2070 1129 2308 1176 nitendum

293 1207 304 1216 ⁴
351 1219 523 1251 summa
564 1207 678 1267 ope‘,
725 1219 782 1248 ne
824 1201 935 1266 quid
978 1201 1237 1249 detrimenti
1278 1219 1304 1249 e
1343 1202 1514 1249 desidia
1557 1218 1717 1249 eorum
1755 1203 2034 1267 reipublicae
2078 1209 2304 1265 eveniret3

349 1293 508 1329 contra
539 1297 651 1328 vero
682 1281 958 1327 Aeschinem
997 1284 1116 1328 cives
1153 1291 1390 1344 paeantem
1426 1298 1479 1327 ac
1508 1291 1794 1337 monentem,
1838 1297 1896 1326 ne
1928 1298 2099 1328 novum
2132 1285 2308 1330 bellum

348 1362 594 1407 subeuntes
639 1374 825 1423 prorsus
868 1348 1196 1422 rempublicam
1241 1369 1519 1416 everterent,
1571 1373 1678 1422 ergo
1722 1357 1919 1405 desidiae
1958 1360 2308 1408 Atheniensium

347 1439 733 1502 patrocinantem:
762 1437 1096 1483 Demosthenes
1120 1439 1310 1493 animos,
1339 1452 1557 1493 amorem,
1585 1439 1696 1499 quin
1720 1438 1935 1500 pietatem
1959 1438 2152 1500 amplius
2173 1456 2307 1502 quam

346 1513 596 1561 Aeschines
621 1516 758 1579 capit,
793 1524 1112 1579 praeterquam
1145 1513 1271 1579 quod
1303 1517 1471 1579 ingenii
1501 1515 1671 1562 viribus
1702 1525 1749 1561 et
1779 1514 2001 1579 loquendi
2027 1527 2121 1563 arte
2149 1533 2307 1565 omnes

347 1596 590 1657 ipsumque
622 1594 897 1640 Aeschinem
929 1594 1164 1657 relinquit.
1217 1594 1335 1640 Sunt
1366 1594 1480 1640 haec
1511 1610 1592 1640 cur
1622 1593 1828 1640 rhetores
1861 1597 2069 1652 seriores,
2107 1599 2184 1658 qui
2210 1597 2306 1642 De-

347 1672 597 1719 mosthenis
630 1672 894 1738 eloquentia
926 1671 1092 1718 eruditi
1120 1688 1278 1718 omnes
1308 1675 1461 1718 omnia
1489 1672 1597 1719 huic
1626 1671 1811 1729 dehent,
1848 1675 1897 1718 in
1921 1675 2059 1719 verba
2089 1677 2302 1736 magistri,

347 1760 400 1797 ut
431 1752 492 1796 ita
525 1749 689 1807 dicam,
735 1752 998 1807 iuraverint,
1042 1759 1178 1813 atque
1211 1752 1259 1796 in
1292 1766 1344 1796 ea
1378 1766 1493 1814 quae
1525 1750 1573 1796 in
1605 1752 1838 1796 inimicum
1868 1751 1992 1797 fecit.
2052 1751 2166 1797 Inde
2196 1767 2306 1815 pro-

349 1829 533 1874 dierunt
564 1831 675 1873 istae
701 1831 1064 1891 comparationes
1088 1828 1411 1874 Demosthenis
1443 1838 1488 1874 et
1512 1828 1748 1874 Aeschinis
1781 1826 2058 1894 (συγκρίσεις)
2086 1830 2306 1874 Libanio—

347 1923 466 1962 rum,
501 1905 816 1962 Nicolaorum,
851 1905 1062 1962 aliorum,
1098 1908 1143 1950 in
1178 1907 1344 1969 quibus
1375 1906 1492 1951 fama
1524 1905 1735 1969 factaque
1759 1906 1995 1952 Aeschinis
2027 1909 2161 1952 nimis
2195 1922 2304 1952 con-

347 1985 466 2030 fecta
499 1995 605 2030 sunt
637 1984 726 2044 (³).
784 1983 1005 2030 Nostrum
1044 1986 1180 2045 igitur
1221 1987 1328 2040 erit,
1374 1994 1426 2029 ut
1466 1985 1616 2029 mitius
1657 1986 1694 2029 si
1732 1985 1851 2030 sorte
1890 1984 1947 2029 de
1987 2000 2043 2030 eo
2084 1984 2308 2030 iudicetur

347 2060 544 2109 studere.

521 2139 668 2184 Huius
690 2141 842 2202 igitur
879 2140 1072 2185 instituti
1110 2141 1191 2202 qui
1231 2139 1366 2185 nobis
1398 2141 1628 2185 materiam
1659 2140 1906 2203 praebeant
1938 2139 2055 2186 duos
2087 2140 2306 2186 habemus

347 2219 521 2273 fontes,
566 2217 757 2262 alterum
802 2219 882 2279 qui
922 2231 977 2261 ex
1014 2219 1153 2280 ipsius
1194 2227 1427 2262 oratorum
1467 2220 1587 2280 paris
1626 2219 1907 2264 orationibus
1947 2218 2069 2275 fluit,
2114 2218 2305 2263 alterum

347 2312 528 2359 parcam
570 2294 757 2358 quidem
795 2294 875 2341 s'ed
914 2291 964 2340 in
998 2295 1177 2358 reliqua
1216 2298 1406 2359 penuria
1444 2298 1591 2358 magni
1625 2294 1877 2341 faciendam
1912 2298 2305 2359 grammaticorum

349 2385 394 2420 et
433 2374 669 2419 rhetorum
711 2373 1057 2436 supellectilem.
1118 2374 1297 2419 Horum
1337 2370 1592 2436 principem
1631 2376 1727 2419 sine
1768 2373 1910 2419 dubio
1934 2375 2107 2420 'locum
2147 2384 2304 2419 tenere

347 2450 527 2498 videtur
559 2450 860 2498 Philostratus
897 2453 945 2497 in
980 2453 1072 2499 vita
1112 2451 1416 2515 sophistarum
1446 2450 1720 2498 Aeschinem
1756 2462 1973 2509 tractans,
2015 2454 2088 2498 cui
2123 2462 2168 2498 et
2199 2451 2303 2514 plu-

347 2532 458 2575 rima
485 2528 704 2575 debemus
730 2544 881 2592 neque
909 2544 962 2575 ex
988 2528 1150 2575 iisdem
1176 2529 1310 2576 ducta
1336 2529 1508 2587 rivulis,
1543 2527 1665 2577 unde
1689 2529 1856 2594 reliqui
1879 2529 2139 2576 hauserunt.
2178 2527 2329 2587 Qua—r

348 2608 415 2652 les
448 2618 552 2653 sunt
581 2606 796 2663 Photius‚
840 2609 919 2670 qui
957 2610 1005 2653 in
1041 2608 1325 2654 bibliotheca
1358 2607 1463 2654 cod.
1486 2609 1577 2654 264
1611 2607 1771 2654 iisdem
1805 2608 1902 2654 fere
1935 2609 2085 2654 verbis
2118 2606 2302 2653 eodem-

399 2780 461 2829 (3)
499 2782 613 2818 Erant
639 2782 914 2819 declamationes
941 2782 979 2819 in
1005 2782 1136 2820 scholis
1164 2783 1359 2820 habendae.
1399 2782 1494 2820 Vide
1522 2783 1567 2819 de
1593 2779 1752 2825 μελέταις
1777 2783 1961 2820 rhetorum
1981 2781 2105 2818 Wolf.
2132 2780 2238 2830 proll.
2264 2779 2300 2815 in

347 2850 438 2881 orat.
465 2841 609 2892 Leptin.
628 2853 784 2893 μων.
813 2851 850 2881 et
876 2844 963 2883 alios
990 2856 1046 2894 ap.
1065 2845 1273 2883 Weiskium
1300 2845 1323 2882 Ι.
1340 2845 1362 2882 l.
1377 2844 1406 2880 Ι.
1426 2858 1461 2893 p.
1472 2844 1533 2882 51.
1552 2845 1683 2883 n.112.
