2716 3277
1348 81 1383 136 6

386 203 524 251 talem
556 210 802 248 statuamus
834 214 878 246 a.
899 200 1015 256 388,’
1044 202 1077 246 i.
1100 213 1142 246 e.
1173 197 1254 247 Ol.
1274 200 1353 245 98.
1378 202 1400 244 1
1422 201 1528 260 (¹⁰).
1573 199 1648 246 De
1675 199 1928 263 puerilibus
1954 203 2051 248 eius
2076 202 2204 248 annis
2228 201 2344 249 nihil
2391 199 2396 203 ’

387 280 709 345 cognovimus3
752 271 865 326 nam*
895 277 1222 326 Demosthenis
1261 277 1391 324 illum
1431 277 1587 325 locum
1627 280 1714 339 (¹¹)
1759 281 1947 326 omnino
1988 283 2344 345 praetermittere

384 359 509 415 licet,
554 373 650 428 quo
688 357 1061 421 malignissimum
1102 367 1147 404 et
1184 355 1553 403 subdolissimum
1585 355 1945 403 Demosthenem
1981 359 2134 407 nullus
2165 359 2344 424 planius

385 447 598 493 ostentat,
637 435 946 500 eundemque,
982 446 1034 482 ut
1055 450 1208 481 rerum
1231 434 1484 481 divinarum
1512 436 1729 480 maximus
1758 445 2050 499 contemptor
2077 449 2189 494 erat,
2225 437 2343 499 deri·

385 515 569 562 dentem
601 516 815 579 mysteria
848 529 989 571 sacra,
1027 528 1160 578 quae,
1198 528 1339 577 quum
1371 515 1523 559 omnia
1555 512 1611 559 ad
1643 515 1859 577 pietatem
1891 513 2083 561 deorum
2114 518 2344 579 pertinen-

383 597 461 651 tia,
487 592 893 657 splendidissimis,
929 595 976 639 in
1003 608 1114 656 quas
1142 607 1252 656 opes
1277 591 1483 655 publicas
1508 591 1809 638 Athenienses
1835 591 2176 655 impendebant,
2211 589 2345 658 pom·

383 675 453 736 pis
488 675 689 736 exceptis
722 681 1065 735 spernerentur,
1109 673 1228 717 inter
1259 670 1419 733 vulgus
1449 680 1547 716 tum
1578 670 1872 716 vehementer
1904 669 1960 715 ad
1993 670 2243 718 ludibrium
2274 688 2345 719 re-

384 738 477 814 digi
510 761 673 814 coepta
709 760 851 796 erant.
905 748 1153 812 Sequimur
1186 748 1250 806 id,
1288 747 1414 812 quod
1446 750 1495 794 in
1525 747 1793 794 Plutarchea
1826 751 1917 794 vita
1951 752 2204 813 ceterisque
2236 750 2342 813 legi-

386 844 510 875 mus:
548 826 607 872 ἔτι
639 831 733 874 ταῖς
767 822 817 871 ὢν
848 823 1034 871 {efflas-nt
1057 821 1291 893 γράμματα
1319 824 1393 871 σὺν
1419 827 1475 883 τῷ
1501 823 1631 891 πατρῖ
1648 827 1754 884 (¹²).
1806 826 1868 895 In·
1894 828 1960 870 rei
1991 828 2125 889 igitur
2156 828 2345 873 familia·
2393 858 2396 860 v

384 908 446 952 ris
472 907 683 968 angustiis
709 904 994 968 temporibus
1019 903 1109 949 illis
1133 903 1575 967 Peloponnesiacum
1599 902 1773 949 bellum
1799 905 1978 960 secutis,
2017 905 2181 966 quibus
2203 905 2345 951 Athe·-
2388 939 2400 946 ,

384 986 563 1031 nienses
595 981 805 1028 subsidiis
839 984 1069 1028 sociorum
1103 983 1242 1037 exuti,
1278 982 1468 1027 navibus
1501 981 1760 1044 opibusque
1791 980 1947 1027 nudati
1973 981 2063 1027 vile
2090 993 2226 1045 atque
2253 986 2345 1028 exi-

382 1077 520 1126 guum
552 1062 796 1125 imperium
825 1059 1073 1116 habebant,
1118 1069 1163 1105 et
1196 1059 1508 1123 subrepentes,
1553 1074 1669 1123 quae
1704 1073 1861 1105 omnes
1894 1060 1982 1104 iam
2015 1069 2112 1105 tum
2145 1062 2345 1107 civitates

384 1140 584 1187 Graecas
616 1140 818 1195 tenebat,
862 1139 1257 1202 perturbationem
1297 1153 1447 1183 rerum
1486 1140 1534 1183 in
1568 1154 1698 1183 suum
1730 1153 1861 1182 usum
1894 1148 2161 1184 convertere
2192 1138 2344 1184 stude-

383 1220 510 1274 bant,
550 1234 575 1264 e
602 1219 757 1281 pueris
777 1218 982 1263 excessit
1003 1215 1254 1262 Aeschines
1286 1231 1390 1262 cum
1420 1213 1636 1262 fratribus
1661 1214 1935 1262 Philochare
1961 1218 2133 1262 maiore
2164 1226 2275 1261 natu
2301 1228 2346 1262 et

383 1295 637 1360 Aphobeto
670 1297 849 1341 minore
884 1296 990 1356 (²³).
1050 1293 1544 1341 Pseudo-Plutarchus
1578 1294 1725 1341 solus:
1772 1290 1852 1342 νέος
1884 1290 1925 1340 δὲ
1957 1287 2007 1339 ὢν
2040 1292 2109 1340 καὶ
2138 1291 2346 1362 ἒρῥωμένος

384 1376 441 1431 τῷ
475 1370 641 1428 σώματι
669 1363 761 1439 ’περὶ
791 1370 846 1418 τὰ
876 1369 1087 1428 «γυμνάσια
1118 1368 1260 1428 ἐπόνει,
1304 1372 1429 1434 quod
1463 1371 1586 1417 unde
1618 1373 1833 1428 hauserit,
1870 1374 1955 1417 nisi
1983 1373 2105 1417 forte
2138 1388 2192 1417 ex
2221 1389 2345 1417 com·

383 1454 512 1497 muni
539 1450 887 1496 Atheniensium
920 1465 1048 1495 more
1080 1448 1138 1495 de
1171 1465 1254 1495 suo
1286 1447 1476 1505 addidit,
1513 1465 1608 1495 non
1636 1449 1785 1495 habeo
1815 1451 1918 1508 (Μ).
1964 1449 2238 1495 Aeschinem
2266 1467 2342 1494 au-

435 1632 506 1683 (¹⁰)
546 1633 733 1670 Passovius
760 1644 889 1669 annum
915 1632 990 1669 393
1017 1632 1112 1670 unde
1140 1632 1323 1682 acceperit
1349 1633 1518 1683 ignorare
1545 1646 1602 1670 me
1622 1633 1749 1670 fateor.
1790 1633 2012 1670 Winiewski
2032 1646 2162 1670 comm.
2181 1634 2218 1669 in
2236 1633 2343 1670 Dem.

384 1704 475 1734 orat.
496 1697 540 1732 de
560 1708 636 1732 cor.
664 1694 875 1731 Monasterii
895 1693 1008 1730 1829.
1029 1694 1141 1743 p.53:
1170 1693 1231 1731 01.
1246 1693 1307 1730 97.
1335 1706 1365 1730 a.
1380 1694 1404 1730 2
1423 1694 1481 1731 vel
1499 1694 1536 1730 3.
1565 1692 1715 1731 Clinton
1742 1695 1782 1730 F.
1798 1693 1895 1731 Heu.
1924 1694 1981 1731 ed.
1995 1694 2060 1730 Kr.
2079 1694 2215 1744 p.181:
2243 1702 2344 1731 natus

384 1766 462 1795 erat
487 1756 634 1794 circiter
660 1755 747 1792 389.

434 1829 506 1878 (¹¹)
545 1824 620 1881 περὶ
647 1837 752 1875 ert-24³.
780 1828 900 1878 p.313
917 1841 972 1877 sq.
1027 1828 1145 1874 Quam
1171 1828 1266 1865 enim
1293 1840 1424 1877 anceps
1448 1828 1496 1865 sit
1522 1828 1591 1865 hoc
1617 1829 1703 1866 loco
1729 1828 1984 1866 Demosthenis
2010 1829 2111 1875 fides,
2138 1830 2341 1879 planissime

384 1893 517 1930 dudum
544 1891 721 1942 praestitit
745 1890 949 1928 Lobeckius
967 1888 1147 1941 Aglaoph.
1171 1903 1208 1940 p.
1198 1888 1292 1927 .664
1308 1903 1389 1940 sqq.
1417 1890 1511 1927 aliud
1539 1890 1729 1928 consilium
1756 1903 1985 1941 persequens.
2013 1911 2063 1920 —
2089 1891 2344 1930 Demosthenis

384 1955 504 1991 locum
541 1954 824 2001 quotiescunque
858 1951 1041 2002 legebam,
1074 1964 1216 2000 semper
1248 1952 1286 1988 in
1320 1959 1476 1988 mentem
1510 1952 1597 1987 mihi
1631 1952 1822 1988 veniebant
1854 1951 1964 1988 verba
1988 1953 2123 1989 Reiskii
2157 1965 2234 2003 egr.
2261 1953 2345 1999 viri,

384 2016 446 2064 qui
476 2015 558 2051 dum
586 2014 755 2063 epistolas
781 2013 889 2051 Dem.
915 2025 1101 2063 germanas
1128 2025 1204 2050 esse
1232 2012 1411 2059 defendit,
1444 2007 1551 2059 dixit,
1584 2013 1866 2051 Demosthenem
1893 2014 1930 2050 in
1955 2013 2011 2051 his
2037 2027 2111 2051 non
2138 2027 2214 2051 esse
2247 2015 2345 2060 „der

383 2076 547 2113 boshaste
575 2073 792 2120 Chicaneur,
820 2074 886 2111 der
911 2074 1011 2111 scine
1038 2073 1244 2125 gehassige,
1271 2073 1630 2120 wetterwendische,
1662 2074 1932 2126 zanksiichtige‚
1965 2074 2201 2124 sophistische
2227 2041 2342 2113 Klaff-

384 2149 500 2186 zunge
527 2137 566 2172 in
593 2137 664 2172 den
689 2136 817 2190 Reden
844 2149 912 2171 nur
936 2135 1086 2172 allzuoft
1111 2135 1228 2171 hiiren
1255 2135 1371 2171 lasstss’

435 2206 507 2257 (¹¹)
547 2208 679 2246 Iisdem
713 2207 790 2245 fere
823 2207 945 2246 verbis
970 2207 1075 2246 Pbot.
1105 2207 1186 2245 cod.
1202 2206 1289 2244 264.
1330 2206 1543 2257 Apollonius
1570 2209 1674 2259 plane
1701 2208 1984 2246 Demosthenem
2012 2208 2035 2245 l.
2051 2222 2082 2245 c.
2110 2188 2250 2246 secutus
2278 2217 2342 2245 est.

383 2271 545 2308 Incertus
572 2270 666 2306 vitae
692 2270 864 2319 scriptor.
902 2264 1017 2315 φασὶ
1046 2264 1083 2305 δὲ
1111 2267 1216 2305 αὑτὸν
1242 2283 1304 2305 παι
1292 2267 1355 2305 δα
1381 2263 1440 2311 μὲν
1467 2265 1549 2305 ὄντα
1575 2269 1609 2306 ἓν
1634 2285 1681 2318 τω
1710 2266 1944 2317 διδασκαλείῳ
1971 2273 2036 2307 τοῦ
2059 2267 2189 2322 πατρὸς
2215 2269 2343 2322 tin-ove·

385 2335 461 2380 *ysius
487 2347 546 2367 και
572 2334 617 2380 τῇ
640 2347 684 2373 μγ
679 2326 737 2383 τρὶ
763 2329 828 2369 τὰς
853 2327 1015 2371 ’βίβλους
1040 2329 1085 2367 ἄν
1067 2346 1168 2379 vax-yut
1153 2327 1294 2367 vain-usus
1278 2347 1314 2374 v,
1346 2330 1391 2368 ad
1418 2344 1523 2381 quem
1549 2331 1667 2369 locum
1692 2331 1807 2369 bonus
1834 2332 1937 2369 Hier.
1955 2332 2118 2370 wolfius
2145 2333 2343 2370 annotavit·

384 2395 500 2442 „Hoc
532 2402 572 2431 ut
596 2393 763 2431 soi-mnae
789 2394 1000 2430 temitatem
1027 2393 1161 2445 arguit,
1195 2393 1244 2430 ita
1270 2392 1411 2431 laudem
1443 2393 1583 2443 pietatIs
1609 2402 1647 2432 et
1671 2392 1864 2432 industriae
1895 2394 2014 2444 potius
2040 2393 2211 2431 Aeschini
2238 2406 2342 2442 quam

383 2455 565 2493 infamiam
598 2455 770 2492 conciliat
798 2454 895 2504 apud
929 2455 1098 2492 cordatos
1129 2455 1276 2504 quidem
1309 2455 1493 2501 homines,
1527 2455 1589 2504 qui
1621 2456 1801 2493 fortunam
1836 2456 1970 2492 nemini
1995 2455 2239 2493 obiiciendam
2265 2468 2341 2492 esse

386 2525 549 2554 censent:
577 2523 617 2553 ut
642 2515 906 2553 Demosthenes
931 2516 1039 2554 etiam
1067 2516 1293 2554 confitetur?
1320 2530 1358 2553 π.
1387 2525 1490 2563 στεφ.
1519 2516 1648 2566 ρ.312.

437 2589 508 2637 (¹³)
547 2589 671 2640 Apoll.
700 2601 720 2626 e
747 2588 855 2626 Dem.
881 2603 920 2625 π.
946 2602 1099 2642 nuptm-9.
1125 2603 1161 2640 p.
1171 2588 1258 2627 415.
1293 2584 1508 2642 Φιλοχάρης.
1536 2589 1640 2627 Phot.
1668 2589 1805 2627 cod.61
1837 2585 2045 2641 Φιλόχαρις.
2071 2588 2129 2626 Ps.
2157 2588 2250 2627 Plut.
2276 2602 2340 2627 ne-

384 2651 582 2702 gligentem
610 2647 704 2698 ἔσχε
733 2645 771 2686 δὲ
797 2645 857 2686 καὶ
885 2648 1079 2697 ἀδελφεὸς,
1106 2649 1152 2690 ὥς
1178 2659 1286 2698 φησιν
1313 2649 1434 2693 αὐτὸς,
1452 2645 1620 2698 Ἄφοβον
1646 2647 1705 2687 καὶ
1731 2647 1939 2704 Δημοχάρη.

437 2722 508 2770 (¹⁴)
547 2723 732 2760 Passovius
758 2722 852 2772 p.73
881 2723 1023 2769 dicens,
1049 2724 1265 2761 Aeschinem
1290 2732 1469 2772 tamquam
1493 2724 1629 2761 tirones
1663 2724 1905 2761 instituentem
1930 2724 2110 2773 stipendio
2136 2732 2248 2760 artem
2274 2738 2340 2775 gy-

387 2784 592 2822 mnasticam
619 2784 832 2831 exercuisse,
860 2798 940 2823 cum
967 2785 1082 2824 not.5
1108 2784 1197 2823 ibid.
1225 2785 1269 2824 ad
1295 2784 1389 2823 hunc
1415 2785 1510 2822 Plut.
1539 2785 1657 2824 locum
1683 2794 1720 2824 et
1745 2786 1789 2823 ad
1815 2786 1920 2824 Dem.
1941 2785 1986 2823 de
2005 2799 2081 2824 cor.
2108 2785 2226 2836 p.313
2253 2800 2341 2837 pro·

386 2847 539 2893 vocarit,
566 2847 736 2895 equidem
763 2847 894 2897 ignoro
922 2847 1140 2894 mehercule,
1168 2848 1229 2897 qui
1257 2848 1299 2885 ad
1324 2848 1416 2886 hanc
1442 2848 1652 2885 sententiam
1679 2849 1897 2898 pervenerit.
